1786 2992
187 182 190 187 ·
211 170 417 219 HEROIDES.
444 175 498 220 ΕΡ.
513 174 555 220 XL
721 174 753 224 53

49 262 189 332 iudiaciam
199 269 311 327 infelix?
328 274 449 329 Gemitus
459 273 532 329 dolor
542 273 616 330 edere
625 278 709 350 eogit3

62 344 99 400 sed
107 345 196 412 timor,
207 355 233 400 et
242 347 342 412 nutrix,
354 356 379 402 et
387 348 473 419 pudor
484 349 550 420 ipse,
561 357 659 405 vetunt.

49 415 141 476 trunco
152 421 279 494 gemitus,
291 420 432 495 elapsaque
441 422 521 477 verba
532 424 668 496 reprendo,

58 501 80 549 et
89 511 167 569 cogor
176 495 299 550 lacrimas
308 497 458 552 combibere
467 498 524 568 ipsa
534 516 617 552 meas.

49 565 87 623 crs
95 577 148 624 erat
156 578 218 624 ante
226 569 325 637 oculos,
336 580 362 625 et
370 589 447 642 opem
457 573 558 626 Lucina
568 573 694 646 negabat3
784 588 808 628 55

57 651 79 698 et
86 661 177 718 grave,
188 644 213 699 si
222 662 345 710 morerer,
357 662 428 700 mors
438 663 547 718 quoque
556 648 656 702 crimen
665 655 733 717 erat3

49 735 101 774 rum
110 719 359 790 superincumbens,
370 720 453 774 scissa
463 721 605 794 tunicaque
613 740 750 797 comaque,

55 810 143 864 pressa
151 792 270 850 refovisti
279 802 383 865 pectora
393 803 480 850 nostra
490 795 553 862 tuis,

50 868 125 935 mihi,
136 869 203 925 Vive
212 886 294 934 soror,
305 887 378 924 soror
387 887 403 924 o
412 869 558 936 carissima,
568 871 644 937 dixti,

54 942 185 1008 rive‚nec
193 944 392 1015 uuiuscorpore
400 944 566 1015 perdeduos.
783 958 807 999 to

49 1017 159 1073 tesbone
170 1017 214 1073 det
221 1018 306 1073 vires:
326 1036 452 1092 germano
461 1027 543 1090 nupta
552 1018 640 1075 futura
649 1038 687 1076 es.

54 1091 138 1159 Illius,
150 1109 180 1146 es
189 1091 284 1165 dequo
293 1102 384 1159 mater,
396 1101 421 1148 et
428 1111 497 1149 uxor
506 1094 567 1148 eris.

49 1176 127 1233 ortua,
139 1166 216 1222 crede
224 1168 301 1233 mihi,
312 1176 400 1223 tamen
410 1168 444 1223 ad
455 1177 499 1224 tua
508 1170 588 1225 verba
597 1168 695 1225 revixi:

54 1249 78 1296 et
85 1241 205 1313 positum
214 1250 254 1296 est
263 1242 329 1296 uteri
342 1243 441 1298 crimen
451 1260 572 1315 onusque
582 1244 645 1297 mei.

49 1316 146 1371 ridtibi
156 1315 286 1389 gratatis?
302 1317 388 1371 Media
398 1317 470 1372 sedet
478 1317 575 1372 Aeolus
584 1317 657 1371 auia:
785 1327 809 1369 ts

54 1391 167 1445 erimina
175 1398 239 1446 suut
247 1391 329 1446 oculis
339 1391 505 1462 surripienda
517 1391 609 1461 patris.

49 1465 169 1521 cudibus
178 1463 304 1519 infantem
315 1467 450 1537 ramisque
459 1464 571 1519 albentis
580 1463 664 1519 olivae

54 1548 79 1595 et
87 1539 195 1613 leuibus
204 1539 278 1595 vittis
286 1540 379 1595 sedula
388 1539 455 1594 celat
463 1556 547 1608 anus3

49 1622 130 1687 taque
140 1631 215 1669 sacra
223 1613 292 1681 facit,
303 1615 419 1687 dicitque
427 1614 559 1686 precantia
567 1613 657 1670 verba.

53 1689 103 1744 Dat
113 1687 232 1761 populus
240 1690 331 1755 sacris,
342 1690 386 1744 dat
395 1698 468 1761 pater
477 1689 543 1761 ipse,
554 1689 635 1743 viam.
785 1700 810 1742 ῖο

49 1781 166 1836 mprope
175 1762 257 1819 limen
267 1771 334 1819 erat:
354 1765 452 1835 patrias
462 1764 568 1837 vagitus
577 1763 610 1819 ad
619 1781 696 1819 aures

54 1839 137 1903 venit,
149 1845 175 1892 et
184 1837 282 1909 indicio
290 1838 410 1910 proditur
419 1838 464 1893 itte
473 1856 532 1894 suo.

49 1913 103 1985 ipit
112 1911 251 1979 infantem,
262 1913 424 1985 mentitaque
433 1930 505 1968 secra
515 1911 612 1968 revelat

54 1987 163 2044 Aeolus.
184 1987 524 2061 insanaregiavoeesouat.

49 2079 143 2119 ;mare
160 2061 191 2117 fit
209 2061 362 2129 cumulum,
385 2062 459 2117 tenui
477 2080 563 2135 quum
582 2062 721 2134 stringitur
785 2071 811 2111 ts

573 2153 647 2201 aura,

54 2218 85 2266 ut
92 2210 215 2284 quatitur
226 2210 313 2283 tepido
323 2209 426 2266 fraxina
434 2210 509 2284 virga
521 2212 597 2276 Noto,

49 2301 125 2340 tmea
134 2285 235 2341 vibrari
244 2284 368 2356 pallentia
379 2284 497 2340 membra
507 2283 620 2340 videres.

55 2358 177 2427 Quassus
188 2359 222 2417 ab
232 2360 355 2432 imposito
364 2377 471 2431 corpore
481 2359 562 2414 lectus
573 2366 636 2413 erat.

49 2434 107 2500 ruit,
118 2442 145 2489 et
154 2442 276 2490 nostrum
286 2434 380 2508 vulgat
387 2434 500 2489 clamore
511 2433 649 2505 pudorem,

56 2516 81 2563 et
92 2509 272 2565 vixamisero
282 2511 397 2564 continet
405 2526 449 2563 ore
458 2526 564 2563 manus.
788 2516 812 2556 80

49 2601 79 2638 sa
88 2583 168 2649 nihil,
176 2591 282 2654 praeter
290 2583 421 2651 lacrimas,
432 2582 595 2656 pudibunda
603 2567 730 2659 proiud'i:

53 2663 184 2725 tumuerat
187 2655 277 2726 gelido
285 2656 380 2732 lingue
392 2668 499 2718 retenta
509 2671 599 2719 metu.
