1786 2992
257 124 469 171 unnornsss.
498 126 552 172 ΕΡ.
566 126 597 171 11.

94 234 128 290 ut,
141 243 197 297 qua
205 224 352 291 desererer,
368 224 442 280 firma
451 225 539 281 carina
548 224 624 282 soret:

66 299 598 445 “lludltttldltltldllt
607 300 702 355 “lm

65 447 225 502 Credidimus
234 448 351 511 blandis,
362 466 476 520 quorum
486 449 533 502 tihi
544 448 627 519 copia,
638 450 739 515 verbis3

94 522 257 577 credidimus
267 522 368 594 generi,
379 524 585 594 numinibusque
597 524 663 576 tuis:
824 538 847 578 ro

64 597 220 651 credidimus
230 596 362 651 lacrimis:
383 614 417 651 au
426 606 452 651 et
459 597 508 651 hae
517 596 643 651 simulare
651 597 795 652 docentur?

96 670 259 743 haequoque
269 670 567 743 habentartes,quaque
576 672 795 736 iubentur,eunt·?

66 745 222 817 usqueque
231 744 406 799 credidimus:
417 745 532 817 quoiam
542 747 692 819 totpiguora
701 747 795 801 nohis?

96 820 170 874 Parte
179 818 245 873 satis
256 819 330 889 potui
339 818 456 891 qualibet
464 819 525 874 iude
532 821 600 891 capi.

65 893 112 948 Nec
120 911 237 957 moveor,
248 892 321 964 quod
330 901 354 947 tc
364 894 420 948 iuvi
428 902 557 966 portuque
568 893 687 966 locoque:
823 907 847 950 55

96 967 188 1023 debuit
196 967 262 1022 haec
273 967 360 1021 meriti
368 985 474 1023 summa
482 966 564 1023 luisse
574 969 635 1023 mei.

66 1040 181 1114 Turpiter
189 1041 337 1112 hospitium
347 1041 411 1098 lecto
418 1041 567 1098 cumulasse
580 1042 658 1117 iugali

96 1117 222 1188 poenitet,
232 1124 258 1170 et
270 1115 342 1171 lateri
352 1118 514 1172 conseruisse
523 1117 600 1172 latus.

66 1190 132 1257 Quae
140 1191 193 1245 fuit
201 1198 263 1245 anta
272 1190 355 1255 illam,
366 1190 471 1246 mallem
480 1209 602 1263 suprema
611 1192 703 1248 luisset

98 1283 149 1321 nox
160 1264 243 1329 mihi,
264 1265 329 1319 dum
338 1268 411 1335 potui
421 1266 521 1340 Phyllis
531 1267 638 1321 honesta
647 1270 722 1323 mori.
823 1281 847 1322 eo

65 1340 169 1412 Speravi
179 1338 286 1404 melius,
297 1341 360 1411 quia
371 1358 414 1394 me
422 1341 550 1394 meruisse
560 1340 659 1411 putavi.

10 1458 14 1469 ,
98 1414 288 1484 Quaecumque
296 1431 330 1468 ex
338 1416 430 1470 merito
439 1432 500 1485 spes
508 1415 589 1480 venit,
600 1430 683 1483 aequa
692 1417 772 1469 venit.

65 1488 163 1544 Fallere
171 1488 319 1543 credentem
330 1506 382 1543 nou
391 1498 431 1544 est
439 1506 547 1560 operosa
554 1486 670 1558 puellam

10 1560 12 1589 ⁵
98 1562 196 1637 gloria3
217 1561 371 1634 simplicitas
381 1563 461 1636 digua
471 1563 558 1618 favore
567 1561 626 1617 fuit.

65 1635 127 1691 Sum
135 1638 243 1708 decepta
255 1638 307 1691 tuis
316 1645 341 1691 at
349 1655 441 1693 amans
450 1646 475 1692 et
485 1636 580 1693 femina
589 1637 685 1693 verbis.
823 1653 847 1694 55

98 1713 129 1766 lll
139 1711 246 1777 faciant,
261 1711 347 1767 laudis
356 1730 460 1767 summa
473 1713 565 1768 sitista
574 1720 647 1767 tuae:

65 1786 129 1841 inter
138 1794 164 1841 et
172 1786 286 1860 Aegidas
295 1786 381 1841 modia
391 1787 512 1841 statuaris
520 1788 549 1842 in
558 1788 637 1842 urhe:

99 1861 256 1935 magnificus
266 1860 350 1915 titulis
359 1869 409 1917 stet
416 1871 488 1932 pater
499 1870 558 1917 ante
566 1861 632 1916 suis.

64 1935 153 2002 Quum
161 1935 241 1991 fuerit
250 1935 340 1990 Sciron
350 1935 440 2004 lectus,
452 1943 595 2008 torvusque
603 1937 759 2000 Procrustes,

99 2020 125 2065 et
132 2010 214 2075 Sinis,
227 2019 254 2065 et
262 2011 330 2065 tauri
339 2011 469 2082 mistaque
477 2010 560 2066 forma
569 2011 633 2079 viri3
823 2021 848 2062 70

64 2094 89 2139 at
96 2085 210 2140 domitae
217 2084 287 2140 hello
296 2085 409 2150 Thebae,
419 2085 526 2157 lusique
533 2085 703 2148 Bimcmbrcs,

99 2167 125 2214 et
134 2158 240 2231 pulsata
250 2159 320 2232 nigri
332 2160 403 2232 regia
412 2176 486 2214 caeca
495 2159 550 2214 dei:

65 2233 167 2289 hoctua
177 2240 238 2305 poet
255 2231 314 2288 illos
333 2233 409 2289 titulo
417 2234 535 2306 signetur
545 2234 644 2308 imago:

100 2309 149 2363 llic
156 2316 206 2373 eet,
217 2307 294 2362 cuius
304 2325 396 2365 amane
405 2308 508 2379 hospita
518 2316 591 2379 capta
601 2307 659 2366 dolo
667 2317 715 2363 est.

66 2382 180 2437 Datame
189 2398 279 2436 rerum
290 2381 436 2437 turbelacti
490 2382 629 2455 operantis
823 2391 846 2432 τῇ

100 2456 168 2511 sedit
176 2456 203 2511 in
214 2455 322 2529 ingenio
330 2455 422 2511 Cressa
431 2474 459 2510 re
470 2458 519 2512 icta
528 2464 581 2512 tuo.

67 2529 141 2597 Quod
150 2529 238 2586 solum
247 2538 363 2596 excusat,
375 2529 461 2585 solum
470 2531 573 2585 miraris
582 2531 610 2584 in
621 2528 675 2584 illo.

100 2605 224 2659 Heredem
229 2606 339 2677 patriae,
350 2605 460 2682 perfide,
471 2605 577 2667 fraudis
586 2605 658 2687 agis,
