1770 2992
122 108 169 161 ⁸52
318 109 346 156 P.
367 108 496 156 ovum
513 109 685 175 NASONIS

155 209 214 266 vela
224 208 330 266 colorati
341 208 431 283 qualia
440 208 515 264 Seres
525 208 644 265 hebent?

119 285 161 341 vel
171 283 238 356 pede
247 284 321 357 quod
361 283 421 340 acili
431 282 539 339 deducit
549 301 648 340 aranea
657 283 745 350 filum,

156 376 242 432 quum
254 358 311 415 leve
338 366 421 415 eserta
430 358 482 414 sub
492 357 566 413 trabe
576 358 659 414 nectit
670 376 749 431 opus.

119 437 173 491 Nec
182 441 271 490 tamen
280 441 334 489 ater
343 441 411 501 erat,
432 450 480 489 nec
489 439 643 489 eratumen
654 451 753 490 aureus
763 432 799 489 illi

65 522 90 564 lc
156 509 218 576 sed,
238 509 364 582 quamvis
374 515 489 574 nentem
499 506 598 563 mistus
607 515 724 581 uterque
735 508 799 566 cclcc

118 583 226 657 qualem
236 583 350 640 clivosae
359 582 474 638 madidis
484 582 513 638 in
523 580 642 638 vallibus
651 583 716 639 ldae

156 658 239 714 ardua
250 658 351 730 direpta
360 657 455 714 cortice
464 656 560 712 cedrus
569 657 659 712 habet.

118 733 206 798 Adde,
228 732 301 806 quod
310 740 335 788 et
344 731 455 798 dociles,
476 731 799 806 etcentumllexihusapt

156 815 181 862 et
192 807 239 863 tibi
251 807 352 863 nullius
362 825 456 863 caussa
465 806 564 862 doloris
574 816 659 863 erent.

65 896 91 937 15
119 883 178 937 Non
188 897 252 936 acus
261 883 383 955 abrupit,
403 900 457 939 non
468 880 570 938 vallum
579 882 712 955 pectinis,
734 883 795 940 illos

156 955 275 1012 ornatrix
283 965 340 1013 tuto
348 974 456 1030 corpore
465 973 569 1029 semper
578 965 643 1012 erat.

119 1031 188 1087 Ante
197 1048 269 1087 meos
279 1030 369 1088 oculos
378 1049 455 1104 saepe
463 1039 504 1086 est
512 1038 617 1100 ornata3
639 1049 689 1087 nec
698 1050 799 1106 unquai

156 1105 264 1162 brachia
273 1107 374 1179 direpta
383 1106 473 1168 saucia
482 1105 543 1162 lecit
551 1123 610 1162 acu.

41 1208 43 1213 ·
120 1181 202 1253 Saepe
210 1181 304 1248 etiam,
325 1181 445 1238 nondum
455 1180 564 1256 digestis
574 1198 653 1236 mene
662 1181 780 1253 capillis,

66 1267 91 1310 ιο
155 1273 290 1329 purpureo
300 1255 381 1311 iacuit
389 1255 555 1329 semisupina
567 1263 632 1312 tero.

120 1332 189 1386 Tum
208 1349 316 1406 quoque
334 1338 390 1387 eret
408 1331 526 1406 neglecte
540 1331 651 1461 dece1131s;
662 1339 704 1459 l:it
719 1332 799 1387 Three

617 1423 662 1460 acc
682 1423 707 1471 e,

156 1499 243 1554 quum
253 1489 350 1538 temere
360 1480 389 1537 in
400 1480 479 1537 viridi
489 1479 611 1556 gramine
621 1479 690 1535 lassa
700 1481 779 1536 iacet.

119 1555 210 1623 Quum
219 1557 331 1632 graciles
340 1563 428 1612 essent
438 1563 539 1622 temen,
560 1563 585 1610 et
593 1555 733 1629 lanuginis
743 1558 799 1612 inst

157 1631 224 1686 haul
244 1630 314 1687 male
323 1638 432 1688 vexatae
442 1637 543 1702 quanta
553 1628 635 1685 tulere
645 1632 751 1686 comae!

65 1717 90 1760 25
119 1705 206 1772 Quam
216 1724 245 1761 sc
253 1707 434 1779 praebuerunt
442 1704 510 1762 lerro
519 1707 647 1777 patienter
656 1705 760 1779 etigni‚

156 1788 187 1835 ut
198 1780 272 1835 lieret
280 1788 348 1837 torte
358 1779 455 1836 nexilis
465 1781 528 1837 orbe
537 1780 629 1835 sinusl

119 1854 288 1920 clamabam,
308 1854 399 1910 Scelus
409 1863 462 1922 est,
484 1854 547 1911 istos
556 1854 643 1910 scelus
653 1872 731 1910 urere
739 1857 798 1912 crin

156 1928 368 2001 Sponte'decent:
388 1930 482 2001 capiti,
504 1929 600 1997 ferrea,
620 1947 699 2002 parce
708 1938 765 1987 tuo.

119 2004 180 2061 Vim
190 2003 282 2074 procul
292 2003 356 2058 hinc
365 2021 484 2061 remove:
505 2012 620 2072 nonest,
641 2001 690 2077 qui
704 2006 797 2062 debeat

66 2091 90 2133 ec
156 2078 243 2135 erudit
252 2078 369 2134 admotas
379 2080 435 2152 ipse
444 2079 557 2152 capillus
567 2097 641 2135 acus.
735 2086 737 2090 '

119 2155 260 2212 Formosae
268 2153 369 2227 periere
377 2172 482 2212 comae:
503 2173 572 2228 quas
582 2154 661 2210 vellet
669 2152 773 2227 Apollo,

156 2246 224 2301 quas
233 2230 312 2287 vellet
321 2230 401 2304 capiti
410 2230 529 2285 Bacchus
539 2232 628 2285 inesse
637 2248 697 2285 suc.

119 2303 174 2358 lllis
184 2306 355 2372 contulerim,
375 2324 444 2379 quas
453 2304 588 2378 quondam
599 2305 672 2361 nuda
681 2305 764 2361 Dione

154 2379 276 2454 pingitur
285 2380 406 2437 humenti
416 2380 576 2454 sustinuisse
585 2398 678 2436 manu.

65 2463 90 2505 ³5
118 2453 189 2520 Quid
199 2453 268 2510 male
276 2455 436 2529 compositus
446 2454 799 2530 qucrerlsneiiissecan‘illm

147 2529 222 2600 Ouid
228 2531 378 2608 speculum
387 2540 494 2592 moesta
501 2529 604 2604 ponis,
622 2528 737 2607 'mella
752 2541 799 2575 m

92 2602 618 2683 Nonheneconsuetisatespectetis
628 2598 738 2654 wlm-
