<?xml version="1.0" encoding="UTF-8"?>
<!DOCTYPE html PUBLIC "-//W3C//DTD XHTML 1.0 Transitional//EN"
    "http://www.w3.org/TR/xhtml1/DTD/xhtml1-transitional.dtd">
<html xmlns="http://www.w3.org/1999/xhtml" xml:lang="en" lang="en">
 <head>
  <title>
</title>
<meta http-equiv="Content-Type" content="text/html;charset=utf-8" />
  <meta name='ocr-system' content='tesseract 3.04.00' />
  <meta name='ocr-capabilities' content='ocr_page ocr_carea ocr_par ocr_line ocrx_word'/>
</head>
<body>
  <div class='ocr_page' id='page_1' title='image "./povidiinasoniso00ovidgoog_0321.png"; bbox 0 0 1770 2992; ppageno 0'>
   <div class='ocr_carea' id='block_1_1' title="bbox 65 160 697 335">
    <p class='ocr_par' dir='ltr' id='par_1_1' title="bbox 65 160 697 335">
     <span class='ocr_line' id='line_1_1' title="bbox 118 160 668 210; baseline -0.007 0"><span class='ocrx_word' id='word_1_1' title='bbox 118 160 167 210; x_wconf 79' lang='lat'><strong>3⁰8</strong></span> <span class='ocrx_word' id='word_1_2' title='bbox 302 162 330 207; x_wconf 82' lang='grc' dir='ltr'><strong>Ρ.</strong></span> <span class='ocrx_word' id='word_1_3' title='bbox 352 160 477 208; x_wconf 82' lang='lat' dir='ltr'>ovmn</span> <span class='ocrx_word' id='word_1_4' title='bbox 494 160 668 208; x_wconf 64' lang='lat' dir='ltr'>NASONIS</span> 
     </span>
     <span class='ocr_line' id='line_1_2' title="bbox 65 259 697 335; baseline -0.009 -14"><span class='ocrx_word' id='word_1_5' title='bbox 65 279 104 322; x_wconf 73' lang='lat' dir='ltr'><strong>tut</strong></span> <span class='ocrx_word' id='word_1_6' title='bbox 118 264 185 332; x_wconf 89' lang='lat' dir='ltr'><strong>Quis</strong></span> <span class='ocrx_word' id='word_1_7' title='bbox 194 261 280 335; x_wconf 89' lang='lat' dir='ltr'><strong>potuit</strong></span> <span class='ocrx_word' id='word_1_8' title='bbox 288 259 354 317; x_wconf 84' lang='lat' dir='ltr'><strong>lecto</strong></span> <span class='ocrx_word' id='word_1_9' title='bbox 362 259 447 316; x_wconf 84' lang='lat' dir='ltr'><strong>durus</strong></span> <span class='ocrx_word' id='word_1_10' title='bbox 456 259 589 316; x_wconf 84' lang='lat' dir='ltr'><strong>discedere</strong></span> <span class='ocrx_word' id='word_1_11' title='bbox 599 259 697 318; x_wconf 82' lang='lat' dir='ltr'><strong>Geilo‘i</strong></span> 
     </span>
    </p>
   </div>
   <div class='ocr_carea' id='block_1_2' title="bbox 20 334 839 2731">
    <p class='ocr_par' dir='ltr' id='par_1_2' title="bbox 119 334 784 543">
     <span class='ocr_line' id='line_1_3' title="bbox 155 334 741 408; baseline -0.002 -16"><span class='ocrx_word' id='word_1_12' title='bbox 155 339 189 393; x_wconf 87' lang='lat' dir='ltr'><strong>Et</strong></span> <span class='ocrx_word' id='word_1_13' title='bbox 199 354 257 393; x_wconf 75' lang='lat' dir='ltr'><strong>mes</strong></span> <span class='ocrx_word' id='word_1_14' title='bbox 266 336 355 392; x_wconf 84' lang='lat' dir='ltr'><strong>nescio</strong></span> <span class='ocrx_word' id='word_1_15' title='bbox 363 335 432 408; x_wconf 90' lang='lat' dir='ltr'><strong>quid</strong></span> <span class='ocrx_word' id='word_1_16' title='bbox 439 335 560 391; x_wconf 78' lang='lat' dir='ltr'><strong>carmim</strong></span> <span class='ocrx_word' id='word_1_17' title='bbox 568 334 622 390; x_wconf 71' lang='lat' dir='ltr'><strong>tale</strong></span> <span class='ocrx_word' id='word_1_18' title='bbox 635 343 741 392; x_wconf 73' lang='lat' dir='ltr'><strong>sonem.</strong></span> 
     </span>
     <span class='ocr_line' id='line_1_4' title="bbox 119 408 784 483; baseline -0.003 -15"><span class='ocrx_word' id='word_1_19' title='bbox 119 413 196 480; x_wconf 86' lang='lat' dir='ltr'><strong>Quod</strong></span> <span class='ocrx_word' id='word_1_20' title='bbox 208 411 261 467; x_wconf 87' lang='lat' dir='ltr'><strong>nisi</strong></span> <span class='ocrx_word' id='word_1_21' title='bbox 269 411 326 466; x_wconf 84' lang='lat' dir='ltr'><strong>dux</strong></span> <span class='ocrx_word' id='word_1_22' title='bbox 336 410 422 483; x_wconf 88' lang='lat' dir='ltr'><strong>operis</strong></span> <span class='ocrx_word' id='word_1_23' title='bbox 431 417 518 466; x_wconf 81' lang='lat' dir='ltr'><strong>vetem</strong></span> <span class='ocrx_word' id='word_1_24' title='bbox 528 409 704 467; x_wconf 76' lang='lat' dir='ltr'><strong>frustraturd</strong></span> <span class='ocrx_word' id='word_1_25' title='bbox 750 408 784 478; x_wconf 75' lang='lat'><strong>103</strong></span> 
     </span>
     <span class='ocr_line' id='line_1_5' title="bbox 156 484 738 543; baseline -0.003 0"><span class='ocrx_word' id='word_1_26' title='bbox 156 486 278 543; x_wconf 75' lang='lat' dir='ltr'><strong>aemulus</strong></span> <span class='ocrx_word' id='word_1_27' title='bbox 287 492 328 541; x_wconf 89' lang='lat' dir='ltr'><strong>est</strong></span> <span class='ocrx_word' id='word_1_28' title='bbox 338 484 421 541; x_wconf 85' lang='lat' dir='ltr'><strong>nostri</strong></span> <span class='ocrx_word' id='word_1_29' title='bbox 430 487 547 542; x_wconf 75' lang='lat' dir='ltr'><strong>maxima</strong></span> <span class='ocrx_word' id='word_1_30' title='bbox 556 502 652 541; x_wconf 74' lang='lat' dir='ltr'><strong>caussa</strong></span> <span class='ocrx_word' id='word_1_31' title='bbox 719 486 738 541; x_wconf 88' lang='lat' dir='ltr'><strong>i.</strong></span> 
     </span>
    </p>

    <p class='ocr_par' dir='ltr' id='par_1_3' title="bbox 20 559 839 2731">
     <span class='ocr_line' id='line_1_6' title="bbox 120 559 738 648; baseline 0 -31"><span class='ocrx_word' id='word_1_32' title='bbox 120 564 154 617; x_wconf 78' lang='lat' dir='ltr'><strong>At</strong></span> <span class='ocrx_word' id='word_1_33' title='bbox 166 570 194 617; x_wconf 84' lang='lat' dir='ltr'><strong>tu</strong></span> <span class='ocrx_word' id='word_1_34' title='bbox 204 560 314 617; x_wconf 81' lang='lat' dir='ltr'><strong>rivalem</strong></span> <span class='ocrx_word' id='word_1_35' title='bbox 324 559 379 616; x_wconf 86' lang='lat' dir='ltr'><strong>noli</strong></span> <span class='ocrx_word' id='word_1_36' title='bbox 389 559 437 616; x_wconf 80' lang='lat' dir='ltr'><strong>tibi</strong></span> <span class='ocrx_word' id='word_1_37' title='bbox 447 560 547 648; x_wconf 69' lang='lat' dir='ltr'><strong>fingere</strong></span> <span class='ocrx_word' id='word_1_38' title='bbox 556 577 738 634; x_wconf 76' lang='lat' dir='ltr'><strong>quemquam:</strong></span> 
     </span>
     <span class='ocr_line' id='line_1_7' title="bbox 20 634 648 710; baseline 0 -18"><span class='ocrx_word' id='word_1_39' title='bbox 20 642 22 647; x_wconf 85' lang='lat'>&#39;</span> <span class='ocrx_word' id='word_1_40' title='bbox 67 651 106 692; x_wconf 76' lang='lat' dir='ltr'><strong>tto</strong></span> <span class='ocrx_word' id='word_1_41' title='bbox 158 634 571 710; x_wconf 82' lang='lat' dir='ltr'><strong>inquesuosclemcrcderecere</strong></span> <span class='ocrx_word' id='word_1_42' title='bbox 580 641 648 692; x_wconf 81' lang='lat' dir='ltr'><strong>toro.</strong></span> 
     </span>
     <span class='ocr_line' id='line_1_8' title="bbox 122 708 686 780; baseline 0 -14"><span class='ocrx_word' id='word_1_43' title='bbox 122 712 216 767; x_wconf 80' lang='lat' dir='ltr'><strong>Acrius</strong></span> <span class='ocrx_word' id='word_1_44' title='bbox 225 710 384 765; x_wconf 82' lang='lat' dir='ltr'>Hermionen</span> <span class='ocrx_word' id='word_1_45' title='bbox 393 708 452 765; x_wconf 86' lang='lat' dir='ltr'><strong>ideo</strong></span> <span class='ocrx_word' id='word_1_46' title='bbox 460 708 553 765; x_wconf 82' lang='lat' dir='ltr'><strong>dilexit</strong></span> <span class='ocrx_word' id='word_1_47' title='bbox 566 708 686 780; x_wconf 87' lang='lat' dir='ltr'><strong>Orestes,</strong></span> 
     </span>
     <span class='ocr_line' id='line_1_9' title="bbox 159 782 668 856; baseline 0 -15"><span class='ocrx_word' id='word_1_48' title='bbox 159 783 296 856; x_wconf 85' lang='lat' dir='ltr'><strong>essequod</strong></span> <span class='ocrx_word' id='word_1_49' title='bbox 305 782 668 856; x_wconf 76' lang='lat' dir='ltr'><strong>alteriuscccperetilleriri.</strong></span> 
     </span>
     <span class='ocr_line' id='line_1_10' title="bbox 122 855 832 933; baseline -0.001 -18"><span class='ocrx_word' id='word_1_50' title='bbox 122 859 202 927; x_wconf 84' lang='lat' dir='ltr'><strong>Quid,</strong></span> <span class='ocrx_word' id='word_1_51' title='bbox 221 857 347 923; x_wconf 71' lang='lat' dir='ltr'><strong>Menelae,</strong></span> <span class='ocrx_word' id='word_1_52' title='bbox 367 856 459 914; x_wconf 76' lang='lat' dir='ltr'><strong>doles?</strong></span> <span class='ocrx_word' id='word_1_53' title='bbox 484 859 545 914; x_wconf 74' lang='lat' dir='ltr'><strong>litas</strong></span> <span class='ocrx_word' id='word_1_54' title='bbox 558 859 619 914; x_wconf 85' lang='lat' dir='ltr'><strong>sine</strong></span> <span class='ocrx_word' id='word_1_55' title='bbox 631 859 743 933; x_wconf 76' lang='lat' dir='ltr'><strong>coniuge</strong></span> <span class='ocrx_word' id='word_1_56' title='bbox 751 855 832 914; x_wconf 61' lang='lat' dir='ltr'><strong>Creten:</strong></span> 
     </span>
     <span class='ocr_line' id='line_1_11' title="bbox 159 929 654 1006; baseline 0 -17"><span class='ocrx_word' id='word_1_57' title='bbox 159 929 486 1006; x_wconf 80' lang='lat' dir='ltr'><strong>etpoteresnuptelentus</strong></span> <span class='ocrx_word' id='word_1_58' title='bbox 496 932 654 989; x_wconf 74' lang='lat' dir='ltr'><strong>abessetua.</strong></span> 
     </span>
     <span class='ocr_line' id='line_1_12' title="bbox 69 1008 795 1081; baseline -0.003 -17"><span class='ocrx_word' id='word_1_59' title='bbox 69 1023 108 1064; x_wconf 78' lang='lat'><strong>775</strong></span> <span class='ocrx_word' id='word_1_60' title='bbox 122 1008 156 1064; x_wconf 90' lang='lat' dir='ltr'><strong>Ut</strong></span> <span class='ocrx_word' id='word_1_61' title='bbox 164 1008 237 1064; x_wconf 83' lang='lat' dir='ltr'><strong>Paris</strong></span> <span class='ocrx_word' id='word_1_62' title='bbox 246 1008 316 1064; x_wconf 86' lang='lat' dir='ltr'><strong>hanc</strong></span> <span class='ocrx_word' id='word_1_63' title='bbox 324 1008 422 1081; x_wconf 81' lang='lat' dir='ltr'><strong>rapuit,</strong></span> <span class='ocrx_word' id='word_1_64' title='bbox 442 1015 500 1064; x_wconf 89' lang='lat' dir='ltr'><strong>tum</strong></span> <span class='ocrx_word' id='word_1_65' title='bbox 510 1008 620 1063; x_wconf 88' lang='lat' dir='ltr'><strong>demum</strong></span> <span class='ocrx_word' id='word_1_66' title='bbox 629 1021 795 1065; x_wconf 79' lang='lat' dir='ltr'><strong>uxorecurert</strong></span> 
     </span>
     <span class='ocr_line' id='line_1_13' title="bbox 60 1078 725 1156; baseline -0.002 -17"><span class='ocrx_word' id='word_1_67' title='bbox 60 1093 64 1101; x_wconf 83' lang='lat'>‘</span> <span class='ocrx_word' id='word_1_68' title='bbox 160 1090 307 1156; x_wconf 86' lang='lat' dir='ltr'><strong>nonpotes.</strong></span> <span class='ocrx_word' id='word_1_69' title='bbox 336 1078 725 1139; x_wconf 72' lang='lat' dir='ltr'><strong>Alteriuscrevitamoretuus.</strong></span> 
     </span>
     <span class='ocr_line' id='line_1_14' title="bbox 123 1156 737 1224; baseline -0.005 -10"><span class='ocrx_word' id='word_1_70' title='bbox 123 1160 177 1214; x_wconf 85' lang='lat' dir='ltr'><strong>Hoc</strong></span> <span class='ocrx_word' id='word_1_71' title='bbox 186 1158 247 1214; x_wconf 88' lang='lat' dir='ltr'><strong>etin</strong></span> <span class='ocrx_word' id='word_1_72' title='bbox 260 1158 372 1214; x_wconf 79' lang='lat' dir='ltr'><strong>abducta</strong></span> <span class='ocrx_word' id='word_1_73' title='bbox 381 1156 498 1213; x_wconf 80' lang='lat' dir='ltr'>Briseide</span> <span class='ocrx_word' id='word_1_74' title='bbox 506 1156 584 1213; x_wconf 82' lang='lat' dir='ltr'><strong>flebat</strong></span> <span class='ocrx_word' id='word_1_75' title='bbox 594 1156 720 1224; x_wconf 75' lang='lat' dir='ltr'><strong>Achilles,</strong></span> <span class='ocrx_word' id='word_1_76' title='bbox 732 1203 737 1211; x_wconf 91' lang='lat'>.</span> 
     </span>
     <span class='ocr_line' id='line_1_15' title="bbox 160 1231 650 1307; baseline 0.002 -19"><span class='ocrx_word' id='word_1_77' title='bbox 160 1231 234 1289; x_wconf 80' lang='lat' dir='ltr'><strong>illam</strong></span> <span class='ocrx_word' id='word_1_78' title='bbox 243 1231 387 1289; x_wconf 86' lang='lat' dir='ltr'><strong>Plisthenio</strong></span> <span class='ocrx_word' id='word_1_79' title='bbox 395 1231 650 1307; x_wconf 81' lang='lat' dir='ltr'><strong>gaudiuierreviro.</strong></span> 
     </span>
     <span class='ocr_line' id='line_1_16' title="bbox 123 1304 801 1376; baseline -0.006 -13"><span class='ocrx_word' id='word_1_80' title='bbox 123 1309 177 1364; x_wconf 90' lang='lat' dir='ltr'><strong>Nec</strong></span> <span class='ocrx_word' id='word_1_81' title='bbox 186 1305 382 1376; x_wconf 82' lang='lat' dir='ltr'><strong>frustruilehat;</strong></span> <span class='ocrx_word' id='word_1_82' title='bbox 403 1306 472 1373; x_wconf 81' lang='lat' dir='ltr'><strong>fecit,</strong></span> <span class='ocrx_word' id='word_1_83' title='bbox 493 1307 679 1374; x_wconf 83' lang='lat' dir='ltr'><strong>mihicredite,</strong></span> <span class='ocrx_word' id='word_1_84' title='bbox 699 1304 801 1366; x_wconf 78' lang='lat' dir='ltr'><strong>Atrides,</strong></span> 
     </span>
     <span class='ocr_line' id='line_1_17' title="bbox 69 1381 752 1456; baseline -0.003 -18"><span class='ocrx_word' id='word_1_85' title='bbox 69 1395 108 1438; x_wconf 79' lang='lat'><strong>780</strong></span> <span class='ocrx_word' id='word_1_86' title='bbox 160 1382 232 1456; x_wconf 91' lang='lat' dir='ltr'><strong>quod</strong></span> <span class='ocrx_word' id='word_1_87' title='bbox 241 1382 265 1438; x_wconf 89' lang='lat' dir='ltr'><strong>si</strong></span> <span class='ocrx_word' id='word_1_88' title='bbox 275 1399 328 1438; x_wconf 88' lang='lat' dir='ltr'><strong>non</strong></span> <span class='ocrx_word' id='word_1_89' title='bbox 338 1381 441 1448; x_wconf 82' lang='lat' dir='ltr'><strong>iaceret,</strong></span> <span class='ocrx_word' id='word_1_90' title='bbox 461 1382 573 1455; x_wconf 81' lang='lat' dir='ltr'><strong>turpiter</strong></span> <span class='ocrx_word' id='word_1_91' title='bbox 582 1390 651 1437; x_wconf 82' lang='lat' dir='ltr'><strong>esset</strong></span> <span class='ocrx_word' id='word_1_92' title='bbox 660 1383 752 1437; x_wconf 55' lang='lat' dir='ltr'><strong>iners:</strong></span> 
     </span>
     <span class='ocr_line' id='line_1_18' title="bbox 124 1456 757 1529; baseline -0.005 -15"><span class='ocrx_word' id='word_1_93' title='bbox 124 1458 198 1514; x_wconf 87' lang='lat' dir='ltr'><strong>Certe</strong></span> <span class='ocrx_word' id='word_1_94' title='bbox 242 1456 396 1524; x_wconf 82' lang='lat' dir='ltr'><strong>eiecisscm,</strong></span> <span class='ocrx_word' id='word_1_95' title='bbox 417 1474 465 1513; x_wconf 88' lang='lat' dir='ltr'><strong>nec</strong></span> <span class='ocrx_word' id='word_1_96' title='bbox 474 1474 535 1512; x_wconf 88' lang='lat' dir='ltr'><strong>sum</strong></span> <span class='ocrx_word' id='word_1_97' title='bbox 544 1457 690 1529; x_wconf 82' lang='lat' dir='ltr'><strong>sapientior</strong></span> <span class='ocrx_word' id='word_1_98' title='bbox 702 1456 757 1512; x_wconf 74' lang='lat' dir='ltr'><strong>ino,</strong></span> 
     </span>
     <span class='ocr_line' id='line_1_19' title="bbox 161 1530 658 1589; baseline -0.002 0"><span class='ocrx_word' id='word_1_99' title='bbox 161 1533 219 1589; x_wconf 90' lang='lat' dir='ltr'><strong>Invi</strong></span> <span class='ocrx_word' id='word_1_100' title='bbox 241 1533 279 1588; x_wconf 84' lang='lat' dir='ltr'><strong>&#39;ee</strong></span> <span class='ocrx_word' id='word_1_101' title='bbox 287 1530 389 1588; x_wconf 83' lang='lat' dir='ltr'><strong>fructus</strong></span> <span class='ocrx_word' id='word_1_102' title='bbox 399 1533 533 1588; x_wconf 82' lang='lat' dir='ltr'><strong>maximus</strong></span> <span class='ocrx_word' id='word_1_103' title='bbox 543 1531 589 1587; x_wconf 89' lang='lat' dir='ltr'><strong>ille</strong></span> <span class='ocrx_word' id='word_1_104' title='bbox 597 1531 658 1588; x_wconf 81' lang='lat' dir='ltr'><strong>tuit.</strong></span> 
     </span>
     <span class='ocr_line' id='line_1_20' title="bbox 124 1606 809 1681; baseline -0.009 -19"><span class='ocrx_word' id='word_1_105' title='bbox 124 1609 202 1674; x_wconf 82' lang='lat' dir='ltr'><strong>Nam,</strong></span> <span class='ocrx_word' id='word_1_106' title='bbox 223 1607 275 1663; x_wconf 87' lang='lat' dir='ltr'><strong>sibi</strong></span> <span class='ocrx_word' id='word_1_107' title='bbox 284 1607 357 1680; x_wconf 88' lang='lat' dir='ltr'><strong>quod</strong></span> <span class='ocrx_word' id='word_1_108' title='bbox 366 1625 505 1681; x_wconf 85' lang='lat' dir='ltr'><strong>nunquam</strong></span> <span class='ocrx_word' id='word_1_109' title='bbox 514 1614 610 1662; x_wconf 76' lang='lat' dir='ltr'><strong>tactam</strong></span> <span class='ocrx_word' id='word_1_110' title='bbox 619 1606 738 1663; x_wconf 76' lang='lat' dir='ltr'><strong>Briseide</strong></span> <span class='ocrx_word' id='word_1_111' title='bbox 746 1606 809 1660; x_wconf 85' lang='lat' dir='ltr'><strong>iurut</strong></span> 
     </span>
     <span class='ocr_line' id='line_1_21' title="bbox 160 1681 807 1756; baseline -0.008 -19"><span class='ocrx_word' id='word_1_112' title='bbox 160 1701 207 1754; x_wconf 88' lang='lat' dir='ltr'><strong>per</strong></span> <span class='ocrx_word' id='word_1_113' title='bbox 216 1691 359 1756; x_wconf 87' lang='lat' dir='ltr'><strong>sceptrum,</strong></span> <span class='ocrx_word' id='word_1_114' title='bbox 380 1690 513 1754; x_wconf 84' lang='lat' dir='ltr'><strong>sceptrum</strong></span> <span class='ocrx_word' id='word_1_115' title='bbox 526 1699 580 1737; x_wconf 89' lang='lat' dir='ltr'><strong>non</strong></span> <span class='ocrx_word' id='word_1_116' title='bbox 589 1690 665 1754; x_wconf 80' lang='lat' dir='ltr'><strong>putet</strong></span> <span class='ocrx_word' id='word_1_117' title='bbox 674 1699 732 1737; x_wconf 87' lang='lat' dir='ltr'><strong>esse</strong></span> <span class='ocrx_word' id='word_1_118' title='bbox 741 1681 807 1736; x_wconf 87' lang='lat' dir='ltr'><strong>deos.</strong></span> 
     </span>
     <span class='ocr_line' id='line_1_22' title="bbox 70 1755 743 1830; baseline 0.003 -21"><span class='ocrx_word' id='word_1_119' title='bbox 70 1768 109 1810; x_wconf 77' lang='lat'><strong>785</strong></span> <span class='ocrx_word' id='word_1_120' title='bbox 125 1757 154 1810; x_wconf 87' lang='lat' dir='ltr'><strong>Di</strong></span> <span class='ocrx_word' id='word_1_121' title='bbox 165 1755 270 1822; x_wconf 80' lang='lat' dir='ltr'><strong>iaciant,</strong></span> <span class='ocrx_word' id='word_1_122' title='bbox 289 1758 376 1830; x_wconf 89' lang='lat' dir='ltr'><strong>possis</strong></span> <span class='ocrx_word' id='word_1_123' title='bbox 385 1757 508 1814; x_wconf 80' lang='lat' dir='ltr'><strong>dominae</strong></span> <span class='ocrx_word' id='word_1_124' title='bbox 516 1757 629 1813; x_wconf 85' lang='lat' dir='ltr'><strong>transire</strong></span> <span class='ocrx_word' id='word_1_125' title='bbox 639 1756 743 1811; x_wconf 81' lang='lat' dir='ltr'><strong>relictae</strong></span> 
     </span>
     <span class='ocr_line' id='line_1_23' title="bbox 162 1830 720 1903; baseline 0.002 -20"><span class='ocrx_word' id='word_1_126' title='bbox 162 1830 271 1896; x_wconf 81' lang='lat' dir='ltr'><strong>limina,</strong></span> <span class='ocrx_word' id='word_1_127' title='bbox 290 1833 425 1903; x_wconf 87' lang='lat' dir='ltr'><strong>proposito</strong></span> <span class='ocrx_word' id='word_1_128' title='bbox 434 1831 621 1903; x_wconf 80' lang='lat' dir='ltr'><strong>sufficiantque</strong></span> <span class='ocrx_word' id='word_1_129' title='bbox 628 1830 720 1902; x_wconf 87' lang='lat' dir='ltr'><strong>pedes.</strong></span> 
     </span>
     <span class='ocr_line' id='line_1_24' title="bbox 123 1904 803 1977; baseline -0.003 -17"><span class='ocrx_word' id='word_1_130' title='bbox 123 1906 157 1960; x_wconf 89' lang='lat' dir='ltr'><strong>Et</strong></span> <span class='ocrx_word' id='word_1_131' title='bbox 165 1904 276 1977; x_wconf 86' lang='lat' dir='ltr'><strong>poteris;</strong></span> <span class='ocrx_word' id='word_1_132' title='bbox 297 1905 376 1962; x_wconf 84' lang='lat' dir='ltr'><strong>modo</strong></span> <span class='ocrx_word' id='word_1_133' title='bbox 384 1904 452 1963; x_wconf 85' lang='lat' dir='ltr'><strong>velle</strong></span> <span class='ocrx_word' id='word_1_134' title='bbox 461 1914 529 1962; x_wconf 86' lang='lat' dir='ltr'><strong>tene.</strong></span> <span class='ocrx_word' id='word_1_135' title='bbox 564 1908 644 1962; x_wconf 88' lang='lat' dir='ltr'><strong>Nunc</strong></span> <span class='ocrx_word' id='word_1_136' title='bbox 653 1905 752 1961; x_wconf 80' lang='lat' dir='ltr'><strong>fortiter</strong></span> <span class='ocrx_word' id='word_1_137' title='bbox 762 1906 803 1968; x_wconf 77' lang='lat' dir='ltr'><strong>irc,</strong></span> 
     </span>
     <span class='ocr_line' id='line_1_25' title="bbox 162 1979 750 2053; baseline -0.002 -16"><span class='ocrx_word' id='word_1_138' title='bbox 162 1996 235 2037; x_wconf 90' lang='lat' dir='ltr'><strong>nunc</strong></span> <span class='ocrx_word' id='word_1_139' title='bbox 244 1996 311 2051; x_wconf 91' lang='lat' dir='ltr'><strong>opus</strong></span> <span class='ocrx_word' id='word_1_140' title='bbox 321 1987 360 2033; x_wconf 88' lang='lat' dir='ltr'><strong>est</strong></span> <span class='ocrx_word' id='word_1_141' title='bbox 368 1979 446 2035; x_wconf 85' lang='lat' dir='ltr'><strong>celeri</strong></span> <span class='ocrx_word' id='word_1_142' title='bbox 455 1981 569 2036; x_wconf 86' lang='lat' dir='ltr'><strong>subdere</strong></span> <span class='ocrx_word' id='word_1_143' title='bbox 577 1980 663 2036; x_wconf 83' lang='lat' dir='ltr'><strong>calcar</strong></span> <span class='ocrx_word' id='word_1_144' title='bbox 672 1998 750 2053; x_wconf 76' lang='lat' dir='ltr'><strong>equo,</strong></span> 
     </span>
     <span class='ocr_line' id='line_1_26' title="bbox 126 2054 681 2131; baseline 0.002 -20"><span class='ocrx_word' id='word_1_145' title='bbox 126 2055 174 2112; x_wconf 82' lang='lat' dir='ltr'>Illo</span> <span class='ocrx_word' id='word_1_146' title='bbox 185 2055 359 2131; x_wconf 81' lang='lat' dir='ltr'><strong>Lotophagos,</strong></span> <span class='ocrx_word' id='word_1_147' title='bbox 380 2054 426 2112; x_wconf 89' lang='lat' dir='ltr'><strong>illc</strong></span> <span class='ocrx_word' id='word_1_148' title='bbox 435 2055 556 2112; x_wconf 87' lang='lat' dir='ltr'><strong>Seirenas</strong></span> <span class='ocrx_word' id='word_1_149' title='bbox 566 2056 594 2112; x_wconf 91' lang='lat' dir='ltr'><strong>in</strong></span> <span class='ocrx_word' id='word_1_150' title='bbox 605 2062 681 2112; x_wconf 82' lang='lat' dir='ltr'><strong>antro</strong></span> 
     </span>
     <span class='ocr_line' id='line_1_27' title="bbox 71 2130 641 2203; baseline 0.004 -19"><span class='ocrx_word' id='word_1_151' title='bbox 71 2143 111 2185; x_wconf 72' lang='lat' dir='ltr'><strong>isc</strong></span> <span class='ocrx_word' id='word_1_152' title='bbox 162 2140 306 2203; x_wconf 82' lang='lat' dir='ltr'><strong>esseputa:</strong></span> <span class='ocrx_word' id='word_1_153' title='bbox 327 2131 407 2188; x_wconf 82' lang='lat' dir='ltr'><strong>remis</strong></span> <span class='ocrx_word' id='word_1_154' title='bbox 417 2130 500 2187; x_wconf 87' lang='lat' dir='ltr'><strong>adiice</strong></span> <span class='ocrx_word' id='word_1_155' title='bbox 509 2130 567 2187; x_wconf 79' lang='lat' dir='ltr'><strong>vela</strong></span> <span class='ocrx_word' id='word_1_156' title='bbox 577 2132 641 2187; x_wconf 87' lang='lat' dir='ltr'><strong>tuis.</strong></span> 
     </span>
     <span class='ocr_line' id='line_1_28' title="bbox 128 2200 839 2335; baseline -0.008 -75"><span class='ocrx_word' id='word_1_157' title='bbox 128 2208 203 2261; x_wconf 88' lang='lat' dir='ltr'><strong>Hunc</strong></span> <span class='ocrx_word' id='word_1_158' title='bbox 215 2224 333 2280; x_wconf 86' lang='lat' dir='ltr'><strong>quoque,</strong></span> <span class='ocrx_word' id='word_1_159' title='bbox 354 2226 407 2282; x_wconf 91' lang='lat' dir='ltr'><strong>quo</strong></span> <span class='ocrx_word' id='word_1_160' title='bbox 426 2206 561 2281; x_wconf 85' lang='lat' dir='ltr'><strong>quondam</strong></span> <span class='ocrx_word' id='word_1_161' title='bbox 582 2207 698 2335; x_wconf 46' lang='lat' dir='ltr'><strong>nimium</strong></span> <span class='ocrx_word' id='word_1_162' title='bbox 721 2203 801 2262; x_wconf 75' lang='lat' dir='ltr'><strong>rivale</strong></span> <span class='ocrx_word' id='word_1_163' title='bbox 815 2200 839 2255; x_wconf 79' lang='lat' dir='ltr'><strong>d&lt;</strong></span> 
     </span>
     <span class='ocr_line' id='line_1_29' title="bbox 597 2282 682 2347; baseline 0.012 -12"><span class='ocrx_word' id='word_1_164' title='bbox 597 2282 682 2347; x_wconf 78' lang='lat' dir='ltr'><strong>ebus,</strong></span> 
     </span>
     <span class='ocr_line' id='line_1_30' title="bbox 163 2352 681 2413; baseline 0.002 -5"><span class='ocrx_word' id='word_1_165' title='bbox 163 2352 260 2410; x_wconf 86' lang='lat' dir='ltr'><strong>veliem</strong></span> <span class='ocrx_word' id='word_1_166' title='bbox 268 2355 401 2413; x_wconf 80' lang='lat' dir='ltr'><strong>desineres</strong></span> <span class='ocrx_word' id='word_1_167' title='bbox 411 2356 495 2412; x_wconf 90' lang='lat' dir='ltr'><strong>hostis</strong></span> <span class='ocrx_word' id='word_1_168' title='bbox 504 2356 600 2411; x_wconf 85' lang='lat' dir='ltr'><strong>habere</strong></span> <span class='ocrx_word' id='word_1_169' title='bbox 611 2354 681 2412; x_wconf 88' lang='lat' dir='ltr'><strong>loco:</strong></span> 
     </span>
     <span class='ocr_line' id='line_1_31' title="bbox 127 2429 759 2502; baseline 0.006 -22"><span class='ocrx_word' id='word_1_170' title='bbox 127 2435 172 2481; x_wconf 83' lang='lat' dir='ltr'><strong>aut</strong></span> <span class='ocrx_word' id='word_1_171' title='bbox 180 2436 257 2494; x_wconf 88' lang='lat' dir='ltr'><strong>certe,</strong></span> <span class='ocrx_word' id='word_1_172' title='bbox 278 2432 403 2502; x_wconf 84' lang='lat' dir='ltr'><strong>quumvis</strong></span> <span class='ocrx_word' id='word_1_173' title='bbox 415 2431 474 2486; x_wconf 92' lang='lat' dir='ltr'><strong>odio</strong></span> <span class='ocrx_word' id='word_1_174' title='bbox 483 2438 643 2498; x_wconf 80' lang='lat' dir='ltr'><strong>remanente,</strong></span> <span class='ocrx_word' id='word_1_175' title='bbox 663 2429 759 2485; x_wconf 78' lang='lat' dir='ltr'><strong>salute.</strong></span> 
     </span>
     <span class='ocr_line' id='line_1_32' title="bbox 165 2501 789 2577; baseline 0.003 -21"><span class='ocrx_word' id='word_1_176' title='bbox 165 2501 263 2557; x_wconf 82' lang='lat' dir='ltr'><strong>Oscula</strong></span> <span class='ocrx_word' id='word_1_177' title='bbox 273 2521 359 2577; x_wconf 91' lang='lat' dir='ltr'><strong>quum</strong></span> <span class='ocrx_word' id='word_1_178' title='bbox 369 2506 466 2576; x_wconf 84' lang='lat' dir='ltr'><strong>poteris</strong></span> <span class='ocrx_word' id='word_1_179' title='bbox 477 2505 531 2560; x_wconf 87' lang='lat' dir='ltr'><strong>iam</strong></span> <span class='ocrx_word' id='word_1_180' title='bbox 541 2504 612 2571; x_wconf 82' lang='lat' dir='ltr'><strong>dure,</strong></span> <span class='ocrx_word' id='word_1_181' title='bbox 634 2524 717 2561; x_wconf 82' lang='lat' dir='ltr'><strong>senus</strong></span> <span class='ocrx_word' id='word_1_182' title='bbox 728 2504 789 2559; x_wconf 87' lang='lat' dir='ltr'><strong>eris.</strong></span> 
     </span>
     <span class='ocr_line' id='line_1_33' title="bbox 73 2574 773 2652; baseline 0.013 -27"><span class='ocrx_word' id='word_1_183' title='bbox 73 2578 112 2626; x_wconf 76' lang='lat'><strong>795</strong></span> <span class='ocrx_word' id='word_1_184' title='bbox 126 2574 192 2628; x_wconf 87' lang='lat' dir='ltr'><strong>Ecce</strong></span> <span class='ocrx_word' id='word_1_185' title='bbox 203 2577 275 2630; x_wconf 89' lang='lat' dir='ltr'><strong>cibos</strong></span> <span class='ocrx_word' id='word_1_186' title='bbox 286 2579 379 2644; x_wconf 83' lang='lat' dir='ltr'><strong>etiam,</strong></span> <span class='ocrx_word' id='word_1_187' title='bbox 399 2579 544 2634; x_wconf 83' lang='lat' dir='ltr'><strong>medicinae</strong></span> <span class='ocrx_word' id='word_1_188' title='bbox 553 2578 650 2652; x_wconf 83' lang='lat' dir='ltr'><strong>fungar</strong></span> <span class='ocrx_word' id='word_1_189' title='bbox 660 2588 690 2635; x_wconf 93' lang='lat' dir='ltr'><strong>ut</strong></span> <span class='ocrx_word' id='word_1_190' title='bbox 700 2580 773 2635; x_wconf 86' lang='lat' dir='ltr'><strong>omni</strong></span> 
     </span>
     <span class='ocr_line' id='line_1_34' title="bbox 160 2652 833 2731; baseline -0.004 -26"><span class='ocrx_word' id='word_1_191' title='bbox 160 2666 279 2721; x_wconf 84' lang='lat' dir='ltr'><strong>munere,</strong></span> <span class='ocrx_word' id='word_1_192' title='bbox 300 2669 371 2729; x_wconf 91' lang='lat' dir='ltr'><strong>quos</strong></span> <span class='ocrx_word' id='word_1_193' title='bbox 384 2652 483 2731; x_wconf 70' lang='lat' dir='ltr'><strong>fugias.</strong></span> <span class='ocrx_word' id='word_1_194' title='bbox 502 2669 741 2725; x_wconf 60' lang='lat' dir='ltr'><strong>qucsueserursre„</strong></span> <span class='ocrx_word' id='word_1_195' title='bbox 753 2653 833 2709; x_wconf 51' lang='lat' dir='ltr'><strong>dursx</strong></span> 
     </span>
    </p>
   </div>
   <div class='ocr_carea' id='block_1_3' title="bbox 0 0 901 2992">
    <p class='ocr_par' dir='ltr' id='par_1_4' title="bbox 0 0 901 2992">
     <span class='ocr_line' id='line_1_35' title="bbox 0 0 901 2992; baseline 0 0"><span class='ocrx_word' id='word_1_196' title='bbox 0 0 901 2992; x_wconf 95' lang='lat' dir='ltr'><strong> </strong></span> 
     </span>
    </p>
   </div>
  </div>
 </body>
</html>
