1770 2992
226 141 436 189 Eunomus,
461 144 517 188 ΕΡ.
532 144 600 189 XIV.
749 141 781 191 67

89 241 214 316 pugnabit
221 250 306 308 oaute,
320 241 493 314 respicietque
501 241 620 298 domum.

89 324 166 371 arata
174 315 265 373 reduci
277 315 411 391 elypeum,
431 315 587 390 galeamque
596 318 714 384 resolvet,

89 391 248 464 uoipietque
255 409 305 447 suo
314 399 417 463 pectora
427 390 496 446 lassa
507 392 580 447 sinu.

89 466 342 521 eeumusinoertae:
356 483 406 521 nos
415 466 511 521 anxius
520 467 609 522 omnia
619 466 697 540 oogit,

89 555 152 613 quae
160 547 273 612 possum
282 539 349 606 fieri,
362 539 429 594 faeta
438 548 530 610 pauore
539 542 626 596 timor.
796 558 833 598 uo

89 630 119 669 au
127 623 213 670 tamen
225 631 300 670 arma
308 614 379 688 geris
388 614 491 670 diverso
500 616 576 669 miles
586 617 613 670 io
624 617 695 677 orbe.

122 706 152 743 aa
162 688 255 744 reiemt
263 688 357 744 vultus
365 698 405 743 est
413 689 479 743 mihi
489 707 546 744 cera
559 700 626 745 tuos.

89 762 94 816 i
118 762 248 829 lauditiae,
263 762 301 818 iili
312 764 360 818 tibi
371 763 456 818 debita
466 766 545 819 verba

89 836 210 893 dicimus:
230 837 615 910 amplexusaooipitillameos.

90 910 213 978 adamim,
227 911 291 985 plus
301 922 350 979 est,
364 930 445 985 quam
455 912 527 984 quod
536 914 664 980 videatur,
677 917 772 989 imago.
795 929 832 970 ¹35

90 982 156 1042 Adde
164 1005 263 1042 sonum
272 1004 359 1056 oerae3
379 986 536 1043 Protesilaus
545 990 602 1043 erit.

90 1070 224 1134 respecto,
239 1070 366 1134 teneoque
375 1061 447 1128 aiau,
461 1080 509 1134 pro
517 1063 627 1138 ooniuge
636 1081 711 1119 vero:

90 1142 117 1200 u.
131 1144 258 1209 tanquam
266 1137 352 1208 possit
360 1137 439 1191 rerba
449 1136 552 1204 referre,
565 1156 669 1211 queror.

89 1210 219 1277 ereditas,
233 1228 384 1284 corpusque
393 1220 484 1275 tuum,
498 1229 554 1267 mea
566 1214 685 1275 numina,
700 1215 766 1271 iuro.

90 1301 180 1357 perque
189 1303 266 1357 pares
274 1286 358 1341 animi
370 1287 540 1360 ooniugiique
549 1287 626 1351 faoea,
796 1300 832 1340 ruo

90 1377 151 1431 que,
164 1361 239 1432 quod
248 1370 279 1415 ut
286 1360 390 1416 videam
399 1362 473 1416 oanis
482 1361 569 1415 albere
577 1361 689 1430 capillis,

90 1435 153 1506 quod
161 1443 248 1489 teoum
259 1435 347 1506 poesie
357 1436 413 1506 ipse
423 1435 526 1496 referre,
541 1444 633 1503 caput3

97 1509 144 1564 tihi
153 1518 293 1565 renuerem
306 1511 436 1575 oomitem‚
450 1526 611 1581 quoeunque
620 1508 733 1563 vocaris:

90 1583 146 1649 rive,
159 1583 295 1657 quodheu
305 1585 396 1640 timeol
417 1586 474 1639 sive
483 1591 615 1654 superstes
624 1585 685 1639 eris.

89 1659 140 1714 ima
149 1658 275 1715 mandato
284 1658 420 1714 claudatur
429 1657 537 1730 epistola
547 1676 641 1731 parvo:
795 1674 832 1714 uo

90 1733 104 1787 ri
114 1733 164 1788 ribi
174 1750 237 1789 cura
247 1733 310 1799 mei,
325 1735 359 1788 sit
370 1734 415 1789 tibi
425 1752 488 1789 cura
499 1735 547 1789 tui.

216 1942 480 2001 EPISTOLA
512 1946 604 1999 xlv.

142 2059 672 2106 aaraauuesuaaaraaao

90 2183 130 2237 trit
139 2183 345 2255 Hypermuestre
352 2184 385 2238 de
394 2193 431 2239 tot
442 2184 520 2240 modo
530 2184 654 2240 iratribus
664 2189 725 2240 uni:

90 2266 178 2314 astera
205 2266 349 2329 nuptarum
358 2259 637 2313 crimineturhaiaoet.

91 2350 138 2386 usa
148 2331 228 2386 domo
235 2341 333 2397 teneor,
346 2334 526 2406 gravibusque
535 2335 643 2389 coercita
653 2334 757 2388 vinciis.

91 2408 126 2461 ist
134 2406 202 2460 mihi
213 2405 336 2478 supplicii
347 2425 450 2473 caussa,
464 2407 547 2463 iuisse
557 2409 640 2482 piam.

91 2481 116 2531 >d
123 2497 222 2531 marrus
229 2481 352 2533 extuavit
357 2482 453 2556 iugulo
464 2483 601 2544 dimittere
610 2485 727 2554 imum,

91 2563 122 2594 ’Ψ
130 2563 191 2607 mi
209 2549 339 2616 Ῐθῧᾶἃῑθῑ,
357 2558 385 2610 si
392 2559 486 2617 scelus
497 2582 569 2623 ausa
580 2565 686 2628 iorem.

91 2625 287 2686 eampraestat,
303 2641 391 2694 quam
402 2636 451 2692 sio
459 2639 615 2712 placuisse
625 2646 757 2724 parerui.

642 2738 672 2791 F.
684 2738 708 2790 ⁶2
