1770 2992
154 160 185 213 42
348 164 376 207 P.
396 160 709 209 0v1n11unsoms

190 262 300 318 cedunt:
321 260 465 316 dissimiles
474 259 743 333 hierirelillepner.

100 351 125 394 25
153 338 237 405 Quem
247 335 379 393 nonmille
387 334 611 408 ferse,quemncn
621 330 872 395 sthenelelmhoeu.

190 431 243 469 non
252 412 338 485 potuit
346 413 414 467 lunc
420 410 534 476 vincere,
545 410 628 465 vincit
635 410 729 465 Amor.

153 487 263 542 Athene
272 484 440 557 repellerer,
451 485 516 557 quis
526 484 648 539 nominer
655 481 778 538 Herculis
786 496 854 544 uxor,

191 563 278 634 sitque
287 578 369 626 socer,
381 559 481 631 rapidis
489 559 538 631 qui
546 565 619 614 innel
626 557 697 613 nllus
706 557 794 630 equis.

154 636 241 704 Quam
250 634 319 691 male
327 632 479 707 inaequales
488 634 600 689 veniunt
608 632 642 687 nd
651 639 736 688 erens
748 627 854 693 iuvenci,

102 724 127 765 ⁰⁰
155 714 873 854 elidimll'sil‘illffl'llilllllliillllm

192 858 220 913 Si
229 877 283 931 que
293 858 364 915 voles
373 864 432 929 epte
441 857 550 921 nubere,
561 856 633 912 nube
641 855 710 927 peri.

156 934 202 991 Vir
211 933 277 987 mihi
288 949 392 1004 semper
401 932 486 1000 ebest;
507 938 533 986 et
541 932 653 1004 coniuge
662 929 749 985 notior
758 927 854 1000 hospes

193 1009 363 1078 Monstraque
370 1006 502 1061 terribiles
509 1005 732 1078 persequiturque
740 1002 818 1059 lenes.

104 1096 128 1135 en
156 1084 215 1154 Ipsa
225 1081 303 1136 domo
311 1080 402 1147 vidue,
412 1081 482 1137 vetis
490 1087 595 1151 operate
605 1079 721 1151 pudicis,

193 1164 324 1227 torqueor,
336 1153 432 1210 infeste
440 1154 569 1210 nevireb
577 1154 652 1210 hoste
660 1153 746 1209 cedet.

157 1233 226 1286 Inter
236 1236 377 1301 serpentes,
389 1245 529 1301 aprosque,
540 1229 687 1301 avidosque
696 1226 785 1284 leones

194 1307 283 1371 lector,
294 1311 320 1360 et
327 1321 420 1361 esurus
429 1310 502 1359 terne
510 1320 558 1375 per
566 1320 611 1359 ore
619 1320 708 1358 cenes.

158 1383 200 1438 Me
209 1381 340 1454 pecudum
351 1380 443 1446 librae,
454 1378 650 1449 simulacraque
659 1376 752 1432 inania
759 1374 852 1439 somni,

105 1461 129 1506 lc
194 1458 524 1528 ominnquenrcnnnnccle
532 1452 611 1525 petite
621 1459 738 1508 movent.

159 1530 282 1602 Aucupor
291 1530 384 1585 inlelix
394 1531 508 1585 incertus
516 1544 657 1583 murmure
665 1525 766 1581 lamus:

196 1622 295 1675 speque
304 1605 383 1657 timor
392 1602 484 1668 dubis,
498 1619 613 1675 spesque
622 1602 715 1657 timere
723 1600 801 1655 cedit

159 1679 240 1733 Mater
248 1678 331 1741 abest,
341 1676 515 1749 queriturque
524 1677 573 1733 deo
581 1675 714 1749 placuisse
722 1673 834 1747 petenti:

81 1768 84 1773 ·
197 1768 244 1806 nec
251 1757 326 1821 pater
334 1748 521 1823 Amphitryon,
533 1768 582 1807 nec
590 1768 657 1823 puer
665 1749 762 1824 Hyllus
772 1748 852 1804 ndesl.

106 1832 131 1878 le
159 1826 262 1881 Arbiter
270 1823 438 1897 Eurystheus
448 1824 503 1881 ires
511 1826 620 1881 lunonis
632 1824 742 1898 iniquae

196 1899 308 1954 sentitur
317 1898 403 1964 nobis,
413 1899 506 1971 ireque
515 1899 593 1974 longe
602 1900 675 1955 dees.

161 1977 227 2029 Haec
235 1974 303 2028 mihi
317 1973 383 2029 ferre
391 1991 487 2046 perum
496 1983 549 2029 est:
569 1975 722 2048 peregrinos
736 1970 813 2028 addis
826 1984 874 2027 cml

672 2065 729 2103 m.

196 2140 222 2178 ec
231 2132 313 2179 meter
323 2123 356 2178 de
364 2131 389 2178 te
397 2123 530 2197 quaelibet
538 2141 595 2178 esse
606 2131 701 2196 polest.

159 2200 218 2253 Non
228 2216 277 2272 ego
286 2200 432 2255 Partheniis
442 2207 594 2254 temeratam
603 2199 719 2255 vallibus
729 2195 835 2270 Augen,

107 2284 131 2326 5ss
197 2291 245 2327 nec
253 2274 361 2330 relernm
372 2282 474 2348 partus,
486 2272 594 2328 Ormeni
605 2274 733 2348 nympha,
745 2279 817 2327 tuos.

160 2348 213 2402 Nec
230 2349 278 2402 tibi
288 2350 387 2405 crimen
396 2357 474 2404 erunt
485 2348 654 2403 Theulrnntin
663 2349 741 2403 turbu
749 2360 862 2411 sorores,

199 2440 313 2494 querum
324 2424 356 2478 de
365 2423 464 2496 populo
473 2422 547 2478 nulla
560 2423 647 2477 relicte
657 2423 705 2477 ribi
716 2429 765 2477 est.

154 2497 221 2555 Une.
232 2516 327 2556 recens
336 2499 451 2567 crimen,
462 2498 593 2555 referatur
603 2496 727 2551 auellere
731 2494 827 2553 nemis„

180 2576 255 2632 unde
265 2594 317 2654 ego
326 2596 395 2637 sum
404 2576 487 2656 Lydo
496 2566 810 2647 facienouercnlnmn.

64 2649 96 2692 ⁵⁵
122 2647 306 2727 Maeandros,
320 2657 406 2715 toties
417 2655 476 2733 qui
485 2649 574 2711 terris
586 2635 824 2702 errecinssdems
