1770 2992
135 120 185 173 292
320 123 351 167 1².
372 121 499 168 ovum
517 122 686 169 NASONIS

174 223 266 279 inferet
275 239 348 277 arma
358 221 406 276 tibi
417 238 495 277 soevo
504 220 611 276 rebellis
621 220 714 278 Amor.

137 298 275 370 Quidquid
283 314 351 363 eras,
373 295 468 365 fuerim
488 294 847 370 sitiensavidusquetedibis,

174 383 199 429 et
211 372 326 445 spatium
337 370 435 427 domno
443 371 551 426 oesserit
563 387 644 427 omno
654 379 712 427 tuo.

137 448 247 513 Viderit,
268 446 426 502 Haemoniae
435 445 459 499 si
468 446 533 517 quis
541 444 612 501 mola
621 445 722 518 pabule
731 453 813 508 teme.

84 539 122 581 250
174 531 200 578 et
209 523 325 596 magices
334 528 403 576 ortes
411 537 489 592 posse
498 520 589 575 iuvare
600 527 687 591 putat

138 601 189 654 iste
199 595 317 653 veneficii
328 602 404 651 vetus
413 595 516 651 ostvie.
536 595 631 650 Noster
638 594 735 667 Apolio

171 675 318 728 innocuam
327 669 527 725 socrocarmine
536 677 667 725 monstrat
675 686 761 742 opem.

139 750 181 803 Me
190 747 257 802 duee
266 762 319 799 non
328 743 433 800 tumulo
442 743 547 817 prodire
556 743 695 799 iubebitur
704 743 804 800 umbre:
872 746 879 821 1

178 839 231 877 non
240 836 308 876 onus
318 816 412 873 infami
422 818 539 873 carmine
548 826 656 890 rumpet
664 818 789 875 humum:

86 910 125 952 255
140 914 193 952 non
204 911 279 968 seges
288 910 322 948 ex
331 891 391 948 aliis
401 892 468 949 elios
477 892 601 948 transibit
610 893 740 968 integros:

179 986 226 1025 nec
235 968 324 1024 subito
332 967 431 1023 Phoebi
441 966 558 1039 pallidus
570 967 644 1024 orbis
652 969 713 1024 erit.

140 1046 174 1101 Ut
184 1044 258 1110 solet,
278 1060 421 1115 aequoreas
430 1042 479 1097 ibit
488 1042 631 1098 Tiberinus
641 1043 671 1098 in
680 1043 776 1099 undo:

178 1127 208 1174 ut
217 1118 291 1183 solet,
314 1118 342 1173 in
351 1116 437 1173 niveis
447 1117 523 1172 Luna
532 1117 644 1172 vehetur
653 1119 741 1191 equis.

140 1194 220 1250 Nulla
230 1198 373 1249 recantatas
382 1190 514 1262 deponent
525 1199 629 1263 pectora
638 1210 732 1262 eures3

87 1284 126 1325 oto
179 1286 226 1325 neo
236 1267 319 1342 fugiet
327 1267 389 1323 vivo
398 1265 500 1322 sulfure
508 1266 596 1322 vietus
604 1284 691 1324 emor.

141 1341 758 1415 QuidtePhasieooeiuveruntgrominateme‚

179 1436 265 1491 quum
274 1433 382 1489 cuperes
392 1415 485 1487 patria,
507 1415 608 1483 Colchi,
629 1407 821 1473 monestede?

142 1493 271 1561 Quidtibi
281 1490 445 1564 profuerunt,
466 1491 549 1557 Ciroo,
570 1492 706 1548 Perseidos
716 1491 807 1551 hobas

179 1586 265 1643 quum
275 1567 323 1622 tibi
335 1566 447 1622 Neritias
457 1565 566 1621 obstulit
574 1583 640 1622 eura
650 1565 736 1623 rates?

90 1657 127 1699 265
143 1644 239 1700 Omnia
249 1641 342 1707 fecisti,
364 1658 398 1696 ne
409 1639 521 1697 collidus
533 1641 631 1712 hospes
641 1641 739 1698 abiret:

180 1718 225 1772 ille
234 1717 306 1774 dedit
314 1724 397 1772 eortoe
407 1714 486 1771 linteo
497 1714 576 1789 pleno
584 1713 674 1790 fugae.

144 1793 240 1849 Omnia
248 1791 343 1857 iecisti,
364 1808 397 1846 ne
407 1788 512 1846 teierus
523 1797 610 1846 ureret
619 1791 706 1864 ignis:

181 1867 278 1940 longus
288 1874 314 1921 et
323 1865 407 1920 invito
414 1873 517 1936 pectore
528 1864 596 1920 sedit
603 1882 689 1922 emor.

144 1944 248 1999 Vertere
257 1956 326 2012 quae
334 1946 436 2010 potems
448 1940 570 1996 homines
580 1940 609 1995 in
619 1940 800 2015 mittefigurss.

91 2031 129 2074 tto
183 2013 679 2088 nonpoterasonimivertereiurotui.

145 2092 244 2148 Diceris
253 2090 296 2145 his
305 2089 394 2153 etiam,
414 2106 499 2160 quum
513 2091 567 2144 iam
576 2089 711 2145 discedere
718 2087 797 2149 vellet,

183 2166 336 2223 Dulichium
346 2166 435 2219 verbis
445 2164 592 2220 detinuisse
600 2165 711 2220 ducem:

146 2245 205 2298 Non
215 2261 273 2316 ego,
293 2237 365 2313 quod
374 2240 471 2311 primo,
492 2240 612 2304 memini,
633 2255 740 2310 sperare
748 2231 851 2292 solebam.

184 2319 237 2371 iam
247 2333 346 2388 precor,
368 2323 398 2370 ut
405 2315 504 2370 coniux
513 2322 542 2370 tu
551 2331 628 2368 meus
637 2331 696 2369 esse
704 2313 779 2369 velis.

93 2403 131 2445 215
146 2392 180 2444 Et
189 2399 286 2455 tomen,
307 2398 337 2444 ut
345 2390 443 2445 coniux
452 2407 537 2444 essem
551 2398 605 2453 tua,
626 2387 708 2462 digno
719 2385 827 2444 videbar:

185 2465 257 2536 quod
266 2464 328 2528 dea,
348 2463 421 2534 quod
429 2464 521 2538 magni
531 2463 585 2519 filia
594 2461 663 2518 Solis
673 2480 755 2518 eram.

147 2539 187 2592 Ne
197 2541 318 2610 properes
329 2555 387 2605 oro;
409 2539 525 2610 spatium
538 2556 586 2611 pro
595 2555 706 2593 munere
714 2553 798 2610 posoo·

186 2612 254 2679 Quid
265 2611 356 2665 minus
366 2612 449 2684 opteri
460 2629 507 2686 per
516 2631 575 2668 mea
587 2620 647 2668 vote
657 2611 758 2686 potest?
