1770 2992
92 113 123 162 ⁴0
287 117 316 161 P.
338 113 464 162 ovum
480 112 647 161 NASONIS

38 225 76 272 ils
90 216 234 272 Inscribere
243 230 302 269 meo
310 230 404 269 mussa
412 214 543 269 invidiosa
551 211 705 285 sepulchro:

129 298 174 345 aut
185 289 243 356 hoc,
255 297 300 344 aut
307 288 390 343 simili
399 288 516 343 earmina
525 296 603 344 notus
612 288 679 343 eris:

93 367 210 433 Phyllida
220 366 437 432 Demophoontem
446 368 516 418 ‹leda'l
525 366 614 433 lorpes
625 373 767 419 amantem:

129 443 174 492 ills
183 443 239 493 noos·
249 456 367 493 ooussam
376 442 506 507 praebunt,
518 442 577 509 ipro
587 454 700 493 monum.

256 754 514 812 EPISTOLA
543 754 607 811 111.

212 906 404 951 uurssls
443 904 658 950 sculum.

95 1023 188 1099 Quam
198 1030 273 1105 legis,
285 1048 299 1084 a
310 1036 383 1101 rapta
389 1027 506 1084 Briseide
515 1027 589 1083 litera
596 1028 679 1096 vonit,

130 1107 176 1160 vix
186 1106 253 1160 bens
261 1104 396 1159 barbarica
405 1105 502 1160 Graeca
513 1110 599 1158 notata
607 1118 700 1159 mauu.

94 1182 272 1251 Quascunque
281 1178 419 1250 adspicies.
432 1178 553 1232 lacrimae
561 1176 644 1232 lsosrs
652 1175 759 1243 lituram

130 1252 560 1325 sedtamenetlaorimaopoudera
568 1251 758 1309 vocisbabsut.

42 1346 53 1385 s
94 1332 122 1386 Si
134 1331 202 1385 mibi
214 1346 297 1401 pausa
306 1330 382 1402 queri
392 1329 426 1384 ds
434 1336 459 1384 ts
467 1328 627 1399 dominoque
635 1328 748 1400 viroque

131 1404 233 1471 issem,
253 1404 402 1461 dadomiuo
411 1420 494 1477 pauoa
502 1403 613 1474 viroque
622 1418 727 1474 qurerar.

95 1480 163 1537 Nom
175 1497 223 1552 ego
232 1481 347 1551 poscenti
358 1480 429 1551 quod
438 1496 500 1534 sum
508 1478 560 1533 cito
568 1476 662 1532 tradita
671 1478 736 1551 regi,

133 1552 211 1622 culpa
219 1561 265 1607 tua
273 1561 325 1606 ast:
337 1554 460 1623 quamvls
470 1553 631 1623 hooquoqua
639 1551 717 1624 culpa
728 1561 832 1611 tuaest.

95 1629 163 1681 Nam
173 1624 254 1679 simul
262 1624 409 1697 Eurybates
422 1642 466 1679 me
474 1624 684 1699 Talthybiusque
693 1636 832 1697 vomunt,

42 1715 66 1755 ru
131 1699 259 1772 Eurybati
269 1698 328 1753 data
337 1714 398 1752 sum
408 1697 600 1772 Talthybioque
609 1718 706 1757 oomes.

96 1775 167 1829 Alter
176 1774 204 1827 in
214 1772 320 1827 alterius
330 1772 453 1826 iactantes
464 1770 565 1829 lumina
575 1774 689 1839 vultum,

133 1848 293 1920 quaerebant
301 1846 381 1911 taciti,
392 1854 479 1902 noster
488 1848 535 1903 ubi
544 1856 612 1904 osset
621 1866 704 1906 amor.

96 1923 196 1978 Differri
206 1925 292 1993 potui:
312 1938 411 1993 poenas
419 1939 491 1978 mora
500 1932 573 1997 grata
581 1924 683 1980 fuisset.

133 2000 178 2052 llei
189 1998 269 2051 mihil
290 1996 426 2051 discedens
434 1998 523 2054 ossula
534 1999 607 2054 nulla
616 1999 686 2053 dedi.

43 2086 67 2126 15
96 2074 129 2129 m
140 2073 259 2127 lacrimas
268 2072 326 2127 sino
335 2071 388 2126 fine
395 2073 464 2138 dedi,
475 2074 589 2145 rupique
598 2073 715 2144 capillos.

134 2147 228 2202 lulelirr
238 2148 332 2200 iterum
344 2164 405 2201 sum
414 2149 480 2203 mihi
492 2149 550 2203 visa
557 2149 626 2220 oapi.

96 2222 179 2295 Saepo
188 2239 235 2295 ego
244 2221 350 2292 decepto
359 2221 431 2277 volui
440 2222 547 2278 custode
558 2221 666 2277 revorti:

134 2298 190 2363 sod,
201 2314 244 2351 me
254 2295 300 2368 qui
312 2296 430 2352 timidam
439 2297 586 2368 prenderat,
596 2294 680 2349 hostis
688 2300 756 2346 erat.

98 2372 125 2428 Si
137 2389 274 2447 progressa
284 2369 375 2434 loram,
388 2388 492 2442 caperer
501 2378 612 2425 usnoote
621 2366 755 2432 timebam,

29 2458 59 2496 2ss
126 2447 278 2521 quamlibet
286 2446 320 2502 ad
330 2446 428 2502 Priami
441 2462 542 2503 munus
552 2445 622 2498 itura
630 2458 742 2496 uurum.

67 2520 200 2580 Sodoma
210 2525 274 2591 sim,
290 2525 356 2602 quia
368 2523 461 2582 danda
472 2521 528 2594 lui3
548 2517 724 2576 tutumtibus
739 2515 854 2579 absum,

93 2616 149 2654 ¹¹0⁶
158 2611 282 2676 repetor.
310 2604 422 2676 Cessas,
440 2604 544 2678 iraque
552 2597 631 2654 lenta
639 2602 689 2650 tus
699 2598 754 2646 est.
