1770 2992
121 172 170 224 430
309 178 339 223 P.
361 177 488 225 ovum
505 178 676 231 meme

119 278 186 345 Quis
196 277 289 348 probet
299 278 327 333 in
337 277 415 335 silvie
424 277 546 334 Cererem
556 296 672 354 regne
680 277 757 357 imi

66 367 90 408 ιο
156 352 213 439 lege
224 352 387 424 pharetratae
395 352 515 429 Virginis
525 371 590 411 arva
599 351 672 411 ooli?

120 427 310 485 Crimbusinsi
348 446 391 483 em
400 428 464 501 quie
472 436 550 484 acuta
558 427 757 502 cuspidem

157 503 284 567 instruet,
305 446 418 559 {gaiam
426 503 508 558 Marte
517 511 642 560 movente
651 501 752 579 lyram?

119 577 188 634 Sunt
198 578 245 633 tibi
256 595 362 652 magna,
373 595 449 649 puer,
463 578 636 652 nimiilmque
643 578 754 652 potentie

156 669 281 724 europus
290 652 408 719 affectas,
429 653 583 720 ambitiose,
604 652 727 710 novum?

66 741 92 784 15
120 729 177 794 An,
198 726 271 819 qued
281 727 396 799 ubique,
418 733 495 783 tuum
506 725 564 783 est?
592 726 757 784 TmuntHe

600 802 666 858 Tem
703 801 718 858 Y

156 875 210 931 Vix
218 875 297 931 etiam
307 875 544 952 Phoebeiemlyra
553 884 610 933 tute
618 821 727 934 euepeeet.

120 950 211 1017 Quum
220 951 287 1006 bene
295 951 411 1006 surrexit
420 969 500 1007 versu
510 970 579 1009 nove
587 953 688 1026 pagine
699 953 757 1025 prin

157 1032 275 1080 attenuat
284 1043 379 1083 nervos
387 1027 509 1098 protinus
520 1026 565 1082 ille
574 1042 658 1083 meos.

120 1101 173 1156 Nec
182 1100 249 1155 mihi
258 1101 368 1157 materia
376 1109 416 1157 est
424 1102 543 1157 numeris
554 1101 699 1159 levioribus
708 1109 757 1174 epte

66 1187 92 1230 20
156 1183 292 1247 eutpuer,
312 1175 554 1251 autlongaseomta
562 1176 756 1249 puellaeomes.

120 1250 236 1319 Questus
246 1268 332 1318 eram;
353 1250 474 1323 pharetra
483 1269 570 1324 quum
579 1252 702 1323 protinus
711 1250 753 1306 ille

157 1326 221 1402 legit
230 1326 257 1380 in
270 1327 381 1382 exitium
393 1326 495 1399 spicula
506 1325 571 1382 seete
582 1344 688 1396 meum;

121 1402 276 1474 lunevitque
285 1419 356 1475 genu
366 1402 507 1458 sinuosum
516 1400 616 1457 sortiter
625 1419 730 1458 arcum:

157 1477 287 1548 Quodque
298 1495 391 1543 canes,
412 1484 499 1541 vates,
520 1477 623 1548 eoeipe,
643 1474 724 1543 dixit,
742 1491 757 1530 ο

67 1563 92 1607 25
120 1553 162 1608 Me
171 1553 313 1607 miseruml
333 1559 416 1607 certas
427 1551 521 1606 hebuit
529 1568 596 1622 puer
607 1551 652 1607 ille
659 1552 757 1627 sagitte

157 1627 237 1692 Uror,
258 1636 284 1682 et
294 1627 321 1681 in
331 1644 415 1683 vacuo
422 1634 526 1699 pectore
535 1635 629 1700 regnet
636 1627 728 1684 Amor.

121 1701 173 1757 sex
182 1701 249 1756 mihi
259 1710 352 1775 surgat
359 1719 427 1773 opus
437 1700 571 1768 numeris;
586 1702 615 1757 in
624 1702 757 1776 quinque1

157 1777 251 1830 Ferrea
260 1793 322 1831 cum
331 1777 426 1832 vestris
435 1775 504 1832 bella
514 1775 598 1831 valete
607 1776 705 1834 modis.

122 1849 233 1923 Cingere
243 1849 343 1906 littorea
351 1849 473 1907 flaventia
482 1860 600 1923 tempore
609 1860 707 1926 myrto.

68 1937 92 1981 30
158 1925 249 1991 Musa,
269 1942 317 1997 per
326 1926 445 1982 undenos
455 1925 631 1982 emodulanda
640 1927 730 2000 pedes.

327 2093 566 2155 ELEGIA
608 2096 654 2152 11.

121 2207 192 2270 Esse
202 2214 269 2288 quid
279 2217 327 2271 hoc
336 2216 432 2282 dicem,
439 2217 512 2288 quod
522 2227 575 2271 tem
586 2215 653 2270 mihi
664 2216 731 2272 dure
740 2233 757 2271 v

157 2298 251 2356 strata,
272 2307 359 2362 neque
368 2293 395 2348 in
407 2292 471 2348 lecto
480 2291 560 2364 pallia
571 2299 659 2346 nostre
669 2291 757 2347 sedent

121 2374 146 2420 et
157 2382 258 2421 vacuus
268 2383 362 2421 somno
371 2375 487 2432 noctem,
508 2385 591 2439 quam
601 2366 695 2440 longa,
715 2383 757 2438 pe!

158 2439 281 2511 lassaque
291 2441 386 2494 versati
397 2442 513 2514 corporis
523 2459 583 2497 ossa
593 2439 700 2497 dolent?

67 2527 78 2570 5
95 2554 96 2557 κ
120 2517 188 2571 Nam
200 2522 265 2586 puto
277 2515 417 2581 sentirem,
437 2518 461 2571 si
471 2535 526 2588 quo
535 2524 648 2571 tentarer
657 2533 756 2572 amore.

157 2591 199 2646 An
207 2589 294 2656 subit,
315 2596 341 2644 et
351 2591 427 2646 tacita
437 2591 549 2647 callidus
559 2599 613 2646 erte
624 2589 716 2647 nocet?

115 2667 240 2725 Siceret:
261 2665 407 2725 haeserunt
416 2674 512 2724 tenues
522 2666 555 2720 ‘m
564 2665 644 2720 eeeee
652 2667 757 2736 augme
