1770 2992
118 135 166 186 260
314 138 342 182 P.
363 136 491 183 OVIDII
508 136 679 185 NASONIS

117 239 179 295 lllos
188 236 300 292 artifices
309 236 410 310 gemini
420 236 502 291 fecere
510 235 610 294 libelli:

155 314 219 367 haee
228 328 336 384 quoque
347 329 409 383 pars
419 312 529 366 monitis
538 312 687 369 erudienda
697 313 755 368 luis.

118 388 216 443 Pmbra
225 387 408 458 Therapnaeae
421 387 470 458 qui
480 385 584 442 dixerat
596 396 659 444 ante
669 389 777 453 maritae,

65 479 89 519 50
154 481 218 519 mox
227 462 322 517 cecinit
331 460 422 516 laudes
432 463 597 534 prosperiora
611 462 681 538 lyra.

119 539 146 593 Si
155 536 344 603 benetenosli‚
364 535 448 592 cultus
458 553 492 592 ne
504 536 577 593 laede
585 539 702 610 puellas.
764 579 766 586 .

156 614 256 680 Gratia,
276 611 342 666 dum
352 611 436 678 vives,
457 611 508 668 ista
516 613 690 685 petendatibi
702 622 750 669 eat.

119 689 232 753 Dixerat,
253 694 278 742 et
287 687 368 761 myrti
378 685 474 762 (myrto
483 704 547 743 nam
556 688 647 744 vineta
657 688 763 762 capillos

154 761 325 835 constiterat)
343 759 438 818 folium
446 779 584 836 granaque
592 779 679 836 pauca
689 764 766 819 dedit.

66 852 91 893 55
120 837 258 893 Sensimus
267 844 405 909 acceptum
414 854 516 893 numen
524 855 644 911 quoqne.
673 835 806 896 Puriuraetl

156 910 244 977 fulsit,
265 918 314 966 ete
326 919 380 968 toto
389 919 492 984 pectere
501 913 580 968 eessit
588 930 669 970 onus.

119 985 263 1042 Dumlavet
272 986 422 1061 ingenium,
432 987 511 1060 petite
521 988 585 1044 hine
592 995 741 1061 praecepta,
748 984 806 1061 puell

157 1078 225 1133 quas
235 1061 321 1133 pudor
331 1069 356 1117 et
366 1061 437 1138 leges
446 1069 473 1118 et
481 1077 531 1118 sua
540 1063 599 1118 iura
609 1063 715 1120 sinunt.

120 1137 251 1192 Venturae
261 1154 390 1193 memores
401 1137 455 1193 iam
463 1155 538 1193 nune
547 1146 628 1195 estote
640 1145 771 1196 senectae:

66 1224 91 1268 tt
157 1212 196 1266 sie
206 1210 313 1268 nullum
322 1211 399 1268 vohis
410 1213 606 1284 tempusabibit
615 1214 699 1270 iners.

120 1288 189 1342 Dum
200 1286 268 1354 licet,
289 1293 315 1342 et
323 1303 399 1343 veros
408 1286 488 1342 etiam
498 1305 572 1343 uuna
581 1288 660 1344 editis
670 1306 763 1355 annos.

158 1361 255 1418 ludite:
276 1368 340 1417 eunt
350 1361 414 1417 anni
425 1379 498 1420 more
507 1362 614 1419 fluentis
623 1381 720 1437 aquae.

120 1439 182 1504 Nec,
203 1455 272 1510 quae
281 1436 423 1509 praeteriit,
442 1455 526 1493 eursu
535 1439 703 1496 revocabitur
711 1439 790 1495 unda:

160 1529 218 1578 nee,
238 1530 308 1584 quae
316 1512 458 1584 praeteriit,
479 1513 543 1568 hora
554 1513 639 1568 redire
647 1521 742 1586 potest.

67 1601 92 1643 tt
120 1586 253 1643 Utendum
262 1594 302 1642 est
311 1594 406 1657 aelate3
426 1588 478 1643 uilo
490 1587 759 1660 pedelabituraetas:

158 1679 205 1717 nee
215 1663 284 1718 bona
294 1669 348 1718 tam
358 1663 494 1736 sequitur,
516 1680 599 1735 quam
608 1664 678 1719 bona
688 1665 772 1736 prima
780 1658 806 1716 lui

121 1738 240 1812 Hosegu
260 1738 422 1810 quicanent‚
442 1736 551 1794 lautioes
560 1736 670 1794 violaria
682 1740 751 1796 vidi:

158 1812 208 1866 hac
218 1813 285 1866 mihi
294 1813 327 1867 de
336 1815 415 1884 spina
423 1821 498 1888 grata
506 1831 601 1870 corona
613 1812 674 1868 data
684 1823 733 1870 est.

121 1887 237 1958 Tempus
247 1886 304 1952 erit,
316 1894 419 1958 quotu,
430 1906 500 1960 quae
509 1906 581 1944 nunc
590 1888 711 1947 excludis
718 1890 806 1946 amant

67 1976 93 2018 tu
157 1960 253 2036 frigida
262 1960 363 2016 deserta
373 1969 448 2017 noete
461 1963 559 2020 iacebis
569 1981 652 2021 anus:

122 2055 169 2094 nee
178 2045 224 2092 tua
232 2034 369 2111 frangetur
377 2044 506 2094 nocturna
516 2039 597 2095 ianua
606 2040 680 2096 rixa:

158 2131 250 2187 sparsa
260 2130 308 2169 neo
316 2111 437 2170 invenies
447 2113 700 2191 liminamanerosa.

58 2237 67 2255 ,
121 2190 207 2257 Quam
217 2191 282 2257 cito,
303 2207 346 2245 me
355 2189 496 2247 miserum!
528 2188 806 2263 laxanturoorporaru!

158 2273 183 2320 et
195 2267 271 2338 perit,
292 2265 321 2322 in
332 2266 415 2322 nitido
424 2267 473 2339 qui
482 2265 533 2320 tuit
544 2283 598 2331 ore,
613 2265 699 2334 color;

67 2351 93 2392 75
121 2358 243 2412 quasque
253 2341 336 2396 luisse
348 2343 397 2397 tibi
407 2359 487 2397 uanas
497 2359 513 2396 a
524 2341 629 2415 virgine
638 2341 722 2407 iures,

159 2423 317 2488 spargentur
327 2417 431 2471 subitae
439 2435 487 2489 per
495 2424 574 2488 eaput
586 2433 666 2471 omne
675 2433 773 2472 comae.

122 2487 380 2560 Anguibnsexuilur
388 2494 462 2546 tenui
474 2509 536 2547 cum
546 2490 614 2563 pelle
622 2498 759 2561 vetustus3

160 2579 208 2617 nee
217 2562 318 2618 faciunt
327 2580 418 2620 cervos
427 2583 525 2622 eornua
536 2568 603 2623 iacta
612 2583 700 2624 senes.

121 2637 215 2692 Nostra
225 2639 284 2693 sine
293 2637 393 2695 auxilio
402 2639 511 2717 lugiunt
518 2642 600 2698 buna.
625 2643 731 2713 Carpite
742 2641 806 2696 llorer
