1770 2992
119 155 150 206 30
302 161 333 210 Ρ.
353 160 479 208 ΟἩΒΠ
495 163 664 209 NASONIS

119 261 240 331 Turpiter
248 259 293 316 illa
304 264 391 316 virum
400 263 523 347 eognovit
535 261 651 318 adultera
661 264 751 338 virgo:

156 336 265 400 metibi,
287 343 364 407 teque
373 336 439 389 mihi
449 337 523 392 taeda
533 337 629 409 pudica
638 337 721 393 dedit.

65 419 103 462 135
118 409 235 464 Prodidit
243 409 289 464 illa
298 417 415 481 patrem:
437 411 512 483 rapui
522 411 555 466 de
564 411 641 466 caede
650 413 764 468 Thoanta

155 484 274 539 Deseruit
286 483 410 540 Colchos:
432 502 541 539 mamea
552 486 666 541 Lemnos
675 487 764 542 habet.

118 558 189 626 Quid
201 558 286 623 refert,
307 557 430 613 seelerata
441 560 514 630 piam
524 561 546 613 si
557 560 649 626 vineit,
671 569 697 614 et
707 562 764 632 ipso

155 633 266 687 crimine
275 632 361 688 dotata
370 641 426 699 est,
439 634 603 706 emeruitque
612 635 721 689 virum?

119 706 293 761 Lemniadum
304 706 407 763 facinus
417 707 504 779 oulpo,
526 726 579 764 uon
592 709 764 775 miror,1asor

66 789 105 837 111
157 781 308 848 Quamlibet
316 782 389 836 iratis
399 783 456 854 ipse
464 782 509 836 dat
518 800 590 837 arma
600 782 684 838 dolor.

119 855 166 910 Dio
178 873 234 928 age,
255 857 279 910 si
288 857 384 922 ventis,
405 863 435 910 ut
444 858 568 928 oportuit,
589 858 764 932 aotusiniqui:

156 931 280 986 intrasses
289 938 380 1002 portus
390 938 472 1003 tuque
481 944 622 1003 comesque
632 949 714 998 meos,

120 1004 253 1075 obviaque
261 1005 375 1061 exissem
384 1005 453 1061 foetu
463 1006 583 1060 comitata
596 1006 723 1078 gemello:

157 1077 258 1133 hiscere
267 1081 499 1151 nempetibiterra
509 1080 625 1155 roganda
634 1079 708 1136 foret.

66 1161 105 1209 115
119 1151 178 1219 Quo
186 1151 263 1208 vultu
274 1162 357 1220 natos,
378 1172 433 1226 quo
441 1172 492 1219 me,
513 1154 644 1220 sabrate,
665 1155 764 1212 videres

155 1227 282 1282 Perfidiae
290 1229 373 1299 pretio
382 1246 434 1300 qua
446 1247 508 1283 nece
517 1230 617 1303 dignus
628 1229 706 1284 eras?

120 1303 179 1374 Ipse
190 1303 298 1376 quidem
306 1321 353 1375 per
361 1320 405 1357 me
413 1310 486 1357 tutus
495 1321 640 1376 sospesque
650 1303 755 1371 fuisses,

157 1396 210 1435 non
219 1378 282 1451 quia
292 1386 321 1434 tu
331 1379 438 1452 dignus,
460 1378 506 1433 sed
516 1379 581 1450 quia
593 1379 666 1433 mitis
675 1397 734 1452 ego.

119 1452 223 1509 Pelliois
236 1454 294 1525 ipsa
304 1472 376 1509 meos
386 1453 537 1525 implessem
547 1453 678 1526 sanguino
687 1454 763 1509 vultu

67 1542 105 1585 111
156 1546 278 1600 quosque
287 1530 421 1584 veneficiis
432 1528 541 1583 abstulit
549 1526 595 1582 illa
604 1527 672 1582 suis.

120 1603 226 1658 Medeae
237 1601 326 1656 Medea
340 1599 432 1654 foram.
461 1597 562 1665 Quodsi
575 1599 637 1670 quis
647 1598 681 1652 ab
694 1597 747 1654 alto

158 1678 246 1731 iustus
256 1674 329 1728 adest
338 1673 407 1727 votis
420 1673 517 1744 Iupiter
528 1673 584 1743 ipse
593 1673 674 1727 meis:
712 1717 714 1720 .

122 1751 195 1823 quod
204 1749 287 1823 gemit
296 1746 452 1822 Hypsipyle,
464 1747 522 1802 lecti
532 1764 641 1818 quoque
650 1747 764 1803 subnuba

160 1831 283 1885 moereat,
295 1831 320 1876 et
334 1823 404 1895 leges
414 1823 508 1876 sentiat
518 1823 575 1893 ipsa
584 1839 662 1876 suas:
718 1846 720 1850 ⁸

72 1909 111 1951 155
126 1901 209 1964 utque
218 1909 267 1965 ego
275 1891 402 1948 destituor
411 1893 511 1949 coniux
520 1898 656 1963 materque
665 1891 764 1948 duorur

165 1986 179 2021 a
190 1967 296 2021 totidem
308 1968 376 2021 natis
385 1968 449 2023 orba
458 1968 501 2032 sit,
523 1983 592 2038 aque
601 1966 673 2021 viro:

128 2059 176 2097 nec
185 2041 254 2095 male
264 2050 336 2111 parta
347 2042 394 2096 diu
404 2050 502 2105 teneat,
523 2042 654 2114 peiusque
663 2039 764 2113 relinqu

165 2115 265 2185 exulet;
287 2125 312 2170 et
324 2124 376 2172 toto
385 2117 530 2188 quaeratin
543 2116 606 2171 orbe
615 2113 718 2187 sugam.

128 2192 214 2258 Quam
227 2190 299 2245 fratri
309 2209 434 2265 germana
444 2190 503 2264 ¹fuit,
524 2192 674 2261 miseroque
683 2207 764 2261 paren

75 2280 114 2322 151
166 2266 234 2335 filia,
256 2268 398 2331 tamnatiS,
419 2273 474 2319 tam
485 2266 520 2319 sit
529 2266 620 2319 acerba
634 2264 702 2320 viro.

129 2341 219 2408 Quum
230 2358 311 2406 mare,
323 2359 409 2412 quum
419 2347 500 2394 terras
510 2339 695 2405 consumserit,
707 2341 750 2394 a'ar

169 2416 331 2486 erretinops,
353 2432 456 2486 exspes,
477 2415 727 2469 oaedecruentasua

130 2493 198 2545 Haeo
208 2509 256 2563 ego
266 2490 389 2563 coniugio
400 2489 518 2544 fraudata
529 2488 670 2543 Thoantias
680 2507 710 2544 or

169 2568 254 2622 Vivite
263 2565 357 2621 devoto
371 2571 507 2637 nuptaque
518 2564 613 2635 virque
627 2571 689 2618 toro.
