1770 2992
190 198 350 246 monum
367 196 436 243 LIB.
448 195 479 242 11.
499 198 554 242 EL.
568 196 590 242 1.
706 192 753 244 455

156 441 324 504 MBER
348 443 632 503 suculam.

243 592 270 649 E
288 593 314 647 L
331 590 358 648 Ε
377 590 407 648 G
423 593 439 648 1
456 591 485 648 Α
529 592 556 648 Ι.

10 734 12 743 “
61 724 218 822 Hffwquoque
227 744 379 818 composui,
400 743 516 819 Pelignis
527 753 605 801 natus
615 749 733 819 aquosis,

10 828 20 862 ³
88 810 310 895 ffleeganequitiae
318 822 388 876 Naso
397 822 472 892 poe'ta
485 838 567 876 meae.

13 930 16 935 ·
62 882 194 970 floequoque
202 897 283 954 iussit
291 896 383 952 Amor.
412 895 505 951 Procul
516 896 592 958 hine,
612 898 703 968 procul
714 907 768 952 este

556 989 655 1027 severa:

10 1053 18 1071 ·“
85 1053 125 1099 non
133 1046 190 1102 antis
199 1045 298 1102 teneris
307 1052 366 1118 apta
376 1044 476 1100 theatra
489 1045 586 1102 modis.

60 1106 183 1192 Helegain
193 1120 259 1177 facie
269 1119 361 1193 sponsi
374 1138 428 1176 non
437 1120 533 1194 frigida
543 1122 628 1195 virgo,
811 1135 820 1174 5

83 1196 172 1252 aradis
182 1198 274 1271 ignota
282 1203 367 1252 taetus
377 1213 466 1251 amore
475 1213 555 1268 puer:

58 1265 113 1335 *tque
128 1271 223 1346 aliquis
241 1271 386 1338 iuvenum,
411 1289 465 1343 quo
484 1289 557 1327 nune
575 1288 637 1344 ego,
661 1272 768 1326 saueius

557 1363 630 1411 arcu,

74 1427 187 1498 ¹&gnoscat
195 1420 319 1477 flammae
328 1421 433 1478 conscia
442 1421 519 1495 signa
530 1438 607 1475 suae:

54 1497 192 1571 measque
200 1496 263 1563 diu,
283 1496 356 1565 Quo,
377 1496 460 1562 dicat,
481 1494 723 1561 abindicedoetus‚

76 1572 214 1647 composuit
222 1589 301 1628 casus
310 1572 359 1628 iste
367 1574 443 1644 poeta
453 1569 542 1626 meos?
798 1584 822 1624 ιο

51 1631 117 1702 Ausus
125 1666 212 1714 eram,
233 1647 359 1712 memini,
379 1645 683 1712 eoelestiadicerebella‚

74 1724 299 1795 entimanumque
309 1723 417 1797 Gygen:
438 1730 464 1777 et
473 1722 537 1776 satis
547 1723 600 1776 oris
610 1731 673 1777 erat.

50 1778 125 1860 [quum
133 1797 204 1854 male
213 1816 242 1853 se
251 1797 341 1853 Tellus
351 1797 406 1852 ulta
415 1805 464 1864 est,
485 1798 639 1872 ingestaque
649 1797 764 1872 Olympo

72 1872 145 1928 ardua
155 1872 289 1929 devexum
298 1872 387 1929 Pelion
397 1872 464 1929 Ossa
472 1872 543 1928 tulit.

45 1931 67 1994 Ῑῠ
74 1948 194 2004 manibus
204 1948 324 2014 nimbos,
338 1955 363 2004 et
375 1965 437 2003 cum
447 1951 507 2005 love
516 1948 545 2005 fu
557 1967 616 2004 men
628 1948 768 2010 habebam,
799 1958 823 1998 15

70 2023 136 2094 quod
144 2024 214 2079 bena
222 2041 272 2096 pro
280 2023 351 2080 coelo
362 2024 474 2080 mitteret
483 2023 528 2079 ille
537 2043 597 2079 suo.

44 2082 129 2153 Clausit
138 2098 226 2154 amica
235 2097 313 2155 fores.
333 2098 391 2172 Ego
400 2116 463 2155 cum
473 2101 533 2156 Iove
542 2099 644 2154 fulmen
654 2097 743 2152 omisi.

68 2168 170 2230 Excidit
179 2173 287 2247 ingenio
296 2174 395 2246 Iupiter
404 2175 461 2245 ipse
471 2192 539 2229 meo.

41 2233 140 2318 Iupiter,
160 2248 299 2323 ignoscas:
320 2248 358 2305 nil
369 2267 412 2303 me
423 2257 468 2303 tua
478 2247 527 2302 tela
537 2247 674 2302 iuvabant.

68 2322 164 2379 Clausa
172 2331 220 2379 tuo
228 2324 315 2379 maius
325 2325 405 2379 ianua
415 2322 518 2377 fulmen
528 2329 591 2377 erat.
800 2332 825 2373 20

40 2384 174 2454 Blanditias
183 2396 324 2473 elegosque
334 2399 419 2463 leves,
440 2397 573 2463 mantela,
594 2397 722 2462 resumsi;

67 2470 220 2530 mollierunt
228 2473 309 2529 duras
319 2473 388 2529 lenia
398 2472 477 2529 verba
487 2472 564 2529 fores.

40 2536 153 2606 Carmina
164 2550 325 2622 sanguineae
334 2549 468 2604 deducunt
477 2567 575 2604 cernua
584 2549 684 2610 Lunae,

67 2631 91 2678 et
99 2630 225 2679 revocant
234 2624 324 2680 niveos
334 2624 403 2680 Solis
413 2625 500 2679 euntis
510 2641 604 2695 equae

36 2688 148 2750 Carmine
157 2696 306 2763 dissiliant,
329 2700 454 2772 abruptis
465 2699 611 2766 faucem,
633 2711 752 2769 aegaee,
816 2701 848 2741 Ἠ
