<?xml version="1.0" encoding="UTF-8"?>
<!DOCTYPE html PUBLIC "-//W3C//DTD XHTML 1.0 Transitional//EN"
    "http://www.w3.org/TR/xhtml1/DTD/xhtml1-transitional.dtd">
<html xmlns="http://www.w3.org/1999/xhtml" xml:lang="en" lang="en">
 <head>
  <title>
</title>
<meta http-equiv="Content-Type" content="text/html;charset=utf-8" />
  <meta name='ocr-system' content='tesseract 3.04.00' />
  <meta name='ocr-capabilities' content='ocr_page ocr_carea ocr_par ocr_line ocrx_word'/>
</head>
<body>
  <div class='ocr_page' id='page_1' title='image "./povidiinasoniso00ovidgoog_0099.png"; bbox 0 0 1770 2992; ppageno 0'>
   <div class='ocr_carea' id='block_1_1' title="bbox 124 147 683 215">
    <p class='ocr_par' dir='ltr' id='par_1_1' title="bbox 124 147 683 215">
     <span class='ocr_line' id='line_1_1' title="bbox 124 147 683 215; baseline 0.002 -17"><span class='ocrx_word' id='word_1_1' title='bbox 124 147 156 199; x_wconf 80' lang='lat' dir='ltr'>oo</span> <span class='ocrx_word' id='word_1_2' title='bbox 320 152 347 196; x_wconf 80' lang='lat' dir='ltr'>r.</span> <span class='ocrx_word' id='word_1_3' title='bbox 368 150 494 198; x_wconf 86' lang='lat' dir='ltr'>ov11&gt;11</span> <span class='ocrx_word' id='word_1_4' title='bbox 510 151 683 215; x_wconf 65' lang='lat' dir='ltr'>uespere</span> 
     </span>
    </p>
   </div>
   <div class='ocr_carea' id='block_1_2' title="bbox 70 248 753 2552">
    <p class='ocr_par' dir='ltr' id='par_1_2' title="bbox 70 248 753 2552">
     <span class='ocr_line' id='line_1_2' title="bbox 160 248 704 323; baseline 0.002 -16"><span class='ocrx_word' id='word_1_5' title='bbox 160 259 220 307; x_wconf 82' lang='lat' dir='ltr'>ante</span> <span class='ocrx_word' id='word_1_6' title='bbox 228 248 319 307; x_wconf 81' lang='lat' dir='ltr'>oculos</span> <span class='ocrx_word' id='word_1_7' title='bbox 327 250 609 323; x_wconf 77' lang='lat' dir='ltr'>poeuipoouloeumto</span> <span class='ocrx_word' id='word_1_8' title='bbox 617 269 704 308; x_wconf 83' lang='lat' dir='ltr'>mooe.</span> 
     </span>
     <span class='ocr_line' id='line_1_3' title="bbox 70 324 753 396; baseline -0.004 -12"><span class='ocrx_word' id='word_1_9' title='bbox 70 340 108 384; x_wconf 74' lang='lat'>225</span> <span class='ocrx_word' id='word_1_10' title='bbox 123 325 363 392; x_wconf 82' lang='lat' dir='ltr'>Luminedemitto‚</span> <span class='ocrx_word' id='word_1_11' title='bbox 414 331 576 382; x_wconf 83' lang='lat' dir='ltr'>umtetonet</span> <span class='ocrx_word' id='word_1_12' title='bbox 585 326 686 383; x_wconf 70' lang='lat' dir='ltr'>arctius</span> <span class='ocrx_word' id='word_1_13' title='bbox 695 324 753 396; x_wconf 88' lang='lat' dir='ltr'>ille;</span> 
     </span>
     <span class='ocr_line' id='line_1_4' title="bbox 160 399 664 457; baseline 0.002 -1"><span class='ocrx_word' id='word_1_14' title='bbox 160 399 379 456; x_wconf 75' lang='lat' dir='ltr'>crescitetinvito</span> <span class='ocrx_word' id='word_1_15' title='bbox 396 400 664 457; x_wconf 76' lang='lat' dir='ltr'>entueinoreoibue.</span> 
     </span>
     <span class='ocr_line' id='line_1_5' title="bbox 124 473 716 549; baseline 0.003 -18"><span class='ocrx_word' id='word_1_16' title='bbox 124 476 206 548; x_wconf 86' lang='lat' dir='ltr'>Soepo</span> <span class='ocrx_word' id='word_1_17' title='bbox 214 474 274 530; x_wconf 86' lang='lat' dir='ltr'>dedi</span> <span class='ocrx_word' id='word_1_18' title='bbox 283 473 409 549; x_wconf 78' lang='lat' dir='ltr'><strong>gemitus,</strong></span> <span class='ocrx_word' id='word_1_19' title='bbox 421 481 448 529; x_wconf 86' lang='lat' dir='ltr'>et</span> <span class='ocrx_word' id='word_1_20' title='bbox 457 482 490 540; x_wconf 83' lang='lat' dir='ltr'>te,</span> <span class='ocrx_word' id='word_1_21' title='bbox 504 474 612 541; x_wconf 74' lang='lat' dir='ltr'>laedive,</span> <span class='ocrx_word' id='word_1_22' title='bbox 623 477 716 533; x_wconf 76' lang='lat' dir='ltr'>notavi</span> 
     </span>
     <span class='ocr_line' id='line_1_6' title="bbox 162 548 665 623; baseline 0.002 -18"><span class='ocrx_word' id='word_1_23' title='bbox 162 552 189 605; x_wconf 89' lang='lat' dir='ltr'>in</span> <span class='ocrx_word' id='word_1_24' title='bbox 199 549 300 623; x_wconf 79' lang='lat' dir='ltr'>gemitu</span> <span class='ocrx_word' id='word_1_25' title='bbox 310 548 395 603; x_wconf 82' lang='lat' dir='ltr'>risum</span> <span class='ocrx_word' id='word_1_26' title='bbox 405 565 460 605; x_wconf 86' lang='lat' dir='ltr'>non</span> <span class='ocrx_word' id='word_1_27' title='bbox 468 549 665 607; x_wconf 80' lang='lat' dir='ltr'>tenuieeemeo.</span> 
     </span>
     <span class='ocr_line' id='line_1_7' title="bbox 125 621 753 697; baseline 0.003 -17"><span class='ocrx_word' id='word_1_28' title='bbox 125 626 206 697; x_wconf 80' lang='lat' dir='ltr'>Saepe</span> <span class='ocrx_word' id='word_1_29' title='bbox 216 621 515 679; x_wconf 81' lang='lat' dir='ltr'>merovoluiflommom</span> <span class='ocrx_word' id='word_1_30' title='bbox 523 639 708 695; x_wconf 74' lang='lat' dir='ltr'>oompeeooroe</span> <span class='ocrx_word' id='word_1_31' title='bbox 728 633 753 682; x_wconf 81' lang='lat' dir='ltr'>ot</span> 
     </span>
     <span class='ocr_line' id='line_1_8' title="bbox 72 697 671 772; baseline -0.002 -16"><span class='ocrx_word' id='word_1_32' title='bbox 72 713 111 757; x_wconf 80' lang='lat'>230</span> <span class='ocrx_word' id='word_1_33' title='bbox 161 699 253 762; x_wconf 86' lang='lat' dir='ltr'>crevit,</span> <span class='ocrx_word' id='word_1_34' title='bbox 264 705 290 753; x_wconf 86' lang='lat' dir='ltr'>et</span> <span class='ocrx_word' id='word_1_35' title='bbox 298 697 410 753; x_wconf 77' lang='lat' dir='ltr'>ebrietes</span> <span class='ocrx_word' id='word_1_36' title='bbox 420 697 491 772; x_wconf 78' lang='lat' dir='ltr'>iguis</span> <span class='ocrx_word' id='word_1_37' title='bbox 500 698 529 754; x_wconf 88' lang='lat' dir='ltr'>in</span> <span class='ocrx_word' id='word_1_38' title='bbox 538 697 671 772; x_wconf 81' lang='lat' dir='ltr'>ignefuit.</span> 
     </span>
     <span class='ocr_line' id='line_1_9' title="bbox 126 771 753 845; baseline 0.006 -17"><span class='ocrx_word' id='word_1_39' title='bbox 126 774 260 845; x_wconf 76' lang='lat' dir='ltr'>Multoque</span> <span class='ocrx_word' id='word_1_40' title='bbox 269 789 303 826; x_wconf 91' lang='lat' dir='ltr'>ne</span> <span class='ocrx_word' id='word_1_41' title='bbox 311 771 425 839; x_wconf 77' lang='lat' dir='ltr'>videam,</span> <span class='ocrx_word' id='word_1_42' title='bbox 437 789 513 827; x_wconf 79' lang='lat' dir='ltr'>verse</span> <span class='ocrx_word' id='word_1_43' title='bbox 522 772 625 828; x_wconf 86' lang='lat' dir='ltr'>oervioe</span> <span class='ocrx_word' id='word_1_44' title='bbox 633 774 753 832; x_wconf 78' lang='lat' dir='ltr'>recumbe</span> 
     </span>
     <span class='ocr_line' id='line_1_10' title="bbox 163 845 720 919; baseline 0.004 -16"><span class='ocrx_word' id='word_1_45' title='bbox 163 847 325 903; x_wconf 84' lang='lat' dir='ltr'>eedrevooee</span> <span class='ocrx_word' id='word_1_46' title='bbox 334 845 424 902; x_wconf 76' lang='lat' dir='ltr'>oeulos</span> <span class='ocrx_word' id='word_1_47' title='bbox 433 848 555 919; x_wconf 80' lang='lat' dir='ltr'>protinus</span> <span class='ocrx_word' id='word_1_48' title='bbox 565 847 625 919; x_wconf 81' lang='lat' dir='ltr'>ipse</span> <span class='ocrx_word' id='word_1_49' title='bbox 633 865 720 905; x_wconf 85' lang='lat' dir='ltr'>moos.</span> 
     </span>
     <span class='ocr_line' id='line_1_11' title="bbox 127 920 753 988; baseline 0.008 -12"><span class='ocrx_word' id='word_1_50' title='bbox 127 921 198 988; x_wconf 85' lang='lat' dir='ltr'>Quid</span> <span class='ocrx_word' id='word_1_51' title='bbox 207 920 310 986; x_wconf 79' lang='lat' dir='ltr'>faeiem,</span> <span class='ocrx_word' id='word_1_52' title='bbox 321 920 424 977; x_wconf 84' lang='lat' dir='ltr'>dubito.</span> <span class='ocrx_word' id='word_1_53' title='bbox 444 920 522 978; x_wconf 86' lang='lat' dir='ltr'>Dolor</span> <span class='ocrx_word' id='word_1_54' title='bbox 530 928 571 977; x_wconf 85' lang='lat' dir='ltr'>eet</span> <span class='ocrx_word' id='word_1_55' title='bbox 582 938 660 979; x_wconf 78' lang='lat' dir='ltr'>meus</span> <span class='ocrx_word' id='word_1_56' title='bbox 670 923 719 980; x_wconf 81' lang='lat' dir='ltr'>ille</span> <span class='ocrx_word' id='word_1_57' title='bbox 730 924 753 981; x_wconf 83' lang='lat' dir='ltr'>vi</span> 
     </span>
     <span class='ocr_line' id='line_1_12' title="bbox 164 994 653 1052; baseline 0.004 -2"><span class='ocrx_word' id='word_1_58' title='bbox 164 994 653 1052; x_wconf 77' lang='lat' dir='ltr'>eeddoloraiaoiemoiorubeseetue.</span> 
     </span>
     <span class='ocr_line' id='line_1_13' title="bbox 74 1068 746 1142; baseline 0.001 -15"><span class='ocrx_word' id='word_1_59' title='bbox 74 1084 112 1128; x_wconf 78' lang='lat'>235</span> <span class='ocrx_word' id='word_1_60' title='bbox 127 1069 185 1136; x_wconf 85' lang='lat' dir='ltr'>Quo</span> <span class='ocrx_word' id='word_1_61' title='bbox 195 1068 254 1123; x_wconf 87' lang='lat' dir='ltr'>lieet</span> <span class='ocrx_word' id='word_1_62' title='bbox 264 1077 289 1124; x_wconf 92' lang='lat' dir='ltr'>et</span> <span class='ocrx_word' id='word_1_63' title='bbox 296 1086 417 1142; x_wconf 85' lang='lat' dir='ltr'>possum,</span> <span class='ocrx_word' id='word_1_64' title='bbox 429 1068 604 1126; x_wconf 79' lang='lat' dir='ltr'>luotoroelaro</span> <span class='ocrx_word' id='word_1_65' title='bbox 612 1068 746 1128; x_wconf 78' lang='lat' dir='ltr'>furorem:</span> 
     </span>
     <span class='ocr_line' id='line_1_14' title="bbox 165 1142 713 1216; baseline 0.002 -15"><span class='ocrx_word' id='word_1_66' title='bbox 165 1143 212 1201; x_wconf 86' lang='lat' dir='ltr'>eod</span> <span class='ocrx_word' id='word_1_67' title='bbox 222 1142 617 1216; x_wconf 77' lang='lat' dir='ltr'>tomenapporetdiseimuiatuo</span> <span class='ocrx_word' id='word_1_68' title='bbox 627 1162 713 1203; x_wconf 83' lang='lat' dir='ltr'>emor.</span> 
     </span>
     <span class='ocr_line' id='line_1_15' title="bbox 128 1217 753 1288; baseline 0.003 -13"><span class='ocrx_word' id='word_1_69' title='bbox 128 1221 181 1275; x_wconf 89' lang='lat' dir='ltr'>Nec</span> <span class='ocrx_word' id='word_1_70' title='bbox 190 1219 238 1274; x_wconf 87' lang='lat' dir='ltr'>tibi</span> <span class='ocrx_word' id='word_1_71' title='bbox 249 1219 329 1274; x_wconf 85' lang='lat' dir='ltr'>verbo</span> <span class='ocrx_word' id='word_1_72' title='bbox 338 1218 450 1274; x_wconf 80' lang='lat' dir='ltr'>domus:</span> <span class='ocrx_word' id='word_1_73' title='bbox 470 1217 553 1274; x_wconf 73' lang='lat' dir='ltr'>sentis</span> <span class='ocrx_word' id='word_1_74' title='bbox 560 1235 620 1275; x_wconf 88' lang='lat' dir='ltr'>meo</span> <span class='ocrx_word' id='word_1_75' title='bbox 630 1219 753 1288; x_wconf 80' lang='lat' dir='ltr'>vulnero,</span> 
     </span>
     <span class='ocr_line' id='line_1_16' title="bbox 165 1293 667 1366; baseline 0 -16"><span class='ocrx_word' id='word_1_76' title='bbox 165 1297 251 1366; x_wconf 80' lang='lat' dir='ltr'>Atque</span> <span class='ocrx_word' id='word_1_77' title='bbox 260 1293 363 1349; x_wconf 85' lang='lat' dir='ltr'>utinam</span> <span class='ocrx_word' id='word_1_78' title='bbox 373 1293 422 1350; x_wconf 85' lang='lat' dir='ltr'>soli</span> <span class='ocrx_word' id='word_1_79' title='bbox 431 1293 667 1350; x_wconf 79' lang='lat' dir='ltr'>sinteenototihii</span> 
     </span>
     <span class='ocr_line' id='line_1_17' title="bbox 129 1368 753 1442; baseline -0.003 -15"><span class='ocrx_word' id='word_1_80' title='bbox 129 1370 170 1428; x_wconf 74' lang='lat' dir='ltr'>Ah</span> <span class='ocrx_word' id='word_1_81' title='bbox 180 1370 293 1442; x_wconf 83' lang='lat' dir='ltr'>quoties,</span> <span class='ocrx_word' id='word_1_82' title='bbox 305 1368 420 1424; x_wconf 80' lang='lat' dir='ltr'><strong>lacrimis</strong></span> <span class='ocrx_word' id='word_1_83' title='bbox 430 1368 608 1433; x_wconf 77' lang='lat' dir='ltr'>venientibus,</span> <span class='ocrx_word' id='word_1_84' title='bbox 619 1386 666 1425; x_wconf 86' lang='lat' dir='ltr'>oro</span> <span class='ocrx_word' id='word_1_85' title='bbox 676 1368 753 1426; x_wconf 69' lang='lat' dir='ltr'>rede:</span> 
     </span>
     <span class='ocr_line' id='line_1_18' title="bbox 76 1441 695 1515; baseline -0.003 -14"><span class='ocrx_word' id='word_1_86' title='bbox 76 1454 115 1502; x_wconf 68' lang='lat' dir='ltr'>tto</span> <span class='ocrx_word' id='word_1_87' title='bbox 167 1464 200 1501; x_wconf 87' lang='lat' dir='ltr'>ne</span> <span class='ocrx_word' id='word_1_88' title='bbox 208 1462 330 1501; x_wconf 72' lang='lat' dir='ltr'><strong>caussam</strong></span> <span class='ocrx_word' id='word_1_89' title='bbox 343 1442 419 1499; x_wconf 78' lang='lat' dir='ltr'>fletus</span> <span class='ocrx_word' id='word_1_90' title='bbox 428 1449 564 1515; x_wconf 82' lang='lat' dir='ltr'>quaereret</span> <span class='ocrx_word' id='word_1_91' title='bbox 572 1441 618 1498; x_wconf 86' lang='lat' dir='ltr'>illo</span> <span class='ocrx_word' id='word_1_92' title='bbox 626 1444 695 1499; x_wconf 74' lang='lat' dir='ltr'>mei!</span> 
     </span>
     <span class='ocr_line' id='line_1_19' title="bbox 130 1518 753 1593; baseline -0.002 -17"><span class='ocrx_word' id='word_1_93' title='bbox 130 1520 172 1576; x_wconf 80' lang='lat' dir='ltr'>Ah</span> <span class='ocrx_word' id='word_1_94' title='bbox 181 1520 284 1593; x_wconf 73' lang='lat' dir='ltr'>quoties</span> <span class='ocrx_word' id='word_1_95' title='bbox 293 1519 410 1592; x_wconf 79' lang='lat' dir='ltr'>aliquem</span> <span class='ocrx_word' id='word_1_96' title='bbox 419 1518 524 1574; x_wconf 75' lang='lat' dir='ltr'>narravi</span> <span class='ocrx_word' id='word_1_97' title='bbox 533 1525 613 1590; x_wconf 89' lang='lat' dir='ltr'>potue</span> <span class='ocrx_word' id='word_1_98' title='bbox 625 1536 753 1585; x_wconf 77' lang='lat' dir='ltr'>amorem.</span> 
     </span>
     <span class='ocr_line' id='line_1_20' title="bbox 167 1591 713 1668; baseline 0.002 -19"><span class='ocrx_word' id='word_1_99' title='bbox 167 1595 201 1650; x_wconf 84' lang='lat' dir='ltr'>ed</span> <span class='ocrx_word' id='word_1_100' title='bbox 210 1593 300 1650; x_wconf 85' lang='lat' dir='ltr'>vultus</span> <span class='ocrx_word' id='word_1_101' title='bbox 310 1593 424 1649; x_wconf 81' lang='lat' dir='ltr'>referens</span> <span class='ocrx_word' id='word_1_102' title='bbox 434 1591 540 1668; x_wconf 80' lang='lat' dir='ltr'>singulo</span> <span class='ocrx_word' id='word_1_103' title='bbox 550 1593 632 1648; x_wconf 84' lang='lat' dir='ltr'>verbe</span> <span class='ocrx_word' id='word_1_104' title='bbox 641 1603 713 1659; x_wconf 80' lang='lat' dir='ltr'>tuos,</span> 
     </span>
     <span class='ocr_line' id='line_1_21' title="bbox 132 1667 701 1740; baseline 0.002 -17"><span class='ocrx_word' id='word_1_105' title='bbox 132 1668 316 1740; x_wconf 87' lang='lat' dir='ltr'>indiciumque</span> <span class='ocrx_word' id='word_1_106' title='bbox 324 1668 377 1723; x_wconf 90' lang='lat' dir='ltr'>mei</span> <span class='ocrx_word' id='word_1_107' title='bbox 387 1668 447 1724; x_wconf 86' lang='lat' dir='ltr'>ficto</span> <span class='ocrx_word' id='word_1_108' title='bbox 457 1669 509 1724; x_wconf 88' lang='lat' dir='ltr'>suh</span> <span class='ocrx_word' id='word_1_109' title='bbox 518 1667 628 1724; x_wconf 84' lang='lat' dir='ltr'>nomino</span> <span class='ocrx_word' id='word_1_110' title='bbox 638 1667 701 1724; x_wconf 83' lang='lat' dir='ltr'>feei.</span> 
     </span>
     <span class='ocr_line' id='line_1_22' title="bbox 168 1742 713 1825; baseline -0.004 -29"><span class='ocrx_word' id='word_1_111' title='bbox 168 1743 215 1797; x_wconf 85' lang='lat' dir='ltr'>lile</span> <span class='ocrx_word' id='word_1_112' title='bbox 223 1759 280 1825; x_wconf 74' lang='lat' dir='ltr'>ego,</span> <span class='ocrx_word' id='word_1_113' title='bbox 291 1742 315 1797; x_wconf 89' lang='lat' dir='ltr'>ei</span> <span class='ocrx_word' id='word_1_114' title='bbox 324 1743 420 1809; x_wconf 82' lang='lat' dir='ltr'>neseis,</span> <span class='ocrx_word' id='word_1_115' title='bbox 430 1759 510 1798; x_wconf 80' lang='lat' dir='ltr'>verus</span> <span class='ocrx_word' id='word_1_116' title='bbox 520 1749 620 1798; x_wconf 83' lang='lat' dir='ltr'>amator</span> <span class='ocrx_word' id='word_1_117' title='bbox 629 1759 713 1799; x_wconf 84' lang='lat' dir='ltr'>eram.</span> 
     </span>
     <span class='ocr_line' id='line_1_23' title="bbox 79 1816 753 1889; baseline 0.004 -17"><span class='ocrx_word' id='word_1_118' title='bbox 79 1826 117 1872; x_wconf 70' lang='lat'>245</span> <span class='ocrx_word' id='word_1_119' title='bbox 131 1817 202 1885; x_wconf 85' lang='lat' dir='ltr'>Quin</span> <span class='ocrx_word' id='word_1_120' title='bbox 213 1823 300 1884; x_wconf 73' lang='lat' dir='ltr'>ettam,</span> <span class='ocrx_word' id='word_1_121' title='bbox 312 1826 342 1873; x_wconf 92' lang='lat' dir='ltr'>ut</span> <span class='ocrx_word' id='word_1_122' title='bbox 350 1835 455 1889; x_wconf 87' lang='lat' dir='ltr'>possem</span> <span class='ocrx_word' id='word_1_123' title='bbox 464 1817 553 1874; x_wconf 80' lang='lat' dir='ltr'>verbis</span> <span class='ocrx_word' id='word_1_124' title='bbox 594 1816 753 1875; x_wconf 79' lang='lat' dir='ltr'>tulantiusu</span> 
     </span>
     <span class='ocr_line' id='line_1_24' title="bbox 169 1891 702 1948; baseline 0.006 -3"><span class='ocrx_word' id='word_1_125' title='bbox 169 1909 223 1946; x_wconf 90' lang='lat' dir='ltr'>non</span> <span class='ocrx_word' id='word_1_126' title='bbox 232 1891 312 1947; x_wconf 84' lang='lat' dir='ltr'>semel</span> <span class='ocrx_word' id='word_1_127' title='bbox 322 1892 433 1947; x_wconf 81' lang='lat' dir='ltr'>ebrietas</span> <span class='ocrx_word' id='word_1_128' title='bbox 442 1899 482 1948; x_wconf 89' lang='lat' dir='ltr'>est</span> <span class='ocrx_word' id='word_1_129' title='bbox 490 1892 562 1948; x_wconf 87' lang='lat' dir='ltr'>simu</span> <span class='ocrx_word' id='word_1_130' title='bbox 588 1892 702 1948; x_wconf 79' lang='lat' dir='ltr'>temihi.</span> 
     </span>
     <span class='ocr_line' id='line_1_25' title="bbox 132 1965 753 2039; baseline 0.005 -19"><span class='ocrx_word' id='word_1_131' title='bbox 132 1965 236 2021; x_wconf 85' lang='lat' dir='ltr'>Prodito</span> <span class='ocrx_word' id='word_1_132' title='bbox 247 1975 317 2034; x_wconf 85' lang='lat' dir='ltr'>sunt,</span> <span class='ocrx_word' id='word_1_133' title='bbox 328 1966 447 2032; x_wconf 86' lang='lat' dir='ltr'>memini,</span> <span class='ocrx_word' id='word_1_134' title='bbox 459 1967 548 2023; x_wconf 69' lang='lat' dir='ltr'>tunica</span> <span class='ocrx_word' id='word_1_135' title='bbox 556 1973 602 2022; x_wconf 80' lang='lat' dir='ltr'>tuo</span> <span class='ocrx_word' id='word_1_136' title='bbox 609 1974 715 2039; x_wconf 76' lang='lat' dir='ltr'>pectora</span> <span class='ocrx_word' id='word_1_137' title='bbox 724 1965 753 2023; x_wconf 84' lang='lat' dir='ltr'>lo:</span> 
     </span>
     <span class='ocr_line' id='line_1_26' title="bbox 170 2041 730 2114; baseline 0.004 -18"><span class='ocrx_word' id='word_1_138' title='bbox 170 2050 248 2114; x_wconf 84' lang='lat' dir='ltr'>atque</span> <span class='ocrx_word' id='word_1_139' title='bbox 257 2042 340 2098; x_wconf 87' lang='lat' dir='ltr'>oeulis</span> <span class='ocrx_word' id='word_1_140' title='bbox 349 2042 450 2097; x_wconf 87' lang='lat' dir='ltr'>aditum</span> <span class='ocrx_word' id='word_1_141' title='bbox 463 2041 535 2096; x_wconf 81' lang='lat' dir='ltr'>nuda</span> <span class='ocrx_word' id='word_1_142' title='bbox 544 2041 638 2097; x_wconf 86' lang='lat' dir='ltr'>dedere</span> <span class='ocrx_word' id='word_1_143' title='bbox 647 2044 730 2098; x_wconf 84' lang='lat' dir='ltr'>meis:</span> 
     </span>
     <span class='ocr_line' id='line_1_27' title="bbox 133 2116 753 2190; baseline 0 -17"><span class='ocrx_word' id='word_1_144' title='bbox 133 2126 236 2189; x_wconf 77' lang='lat' dir='ltr'>pectora</span> <span class='ocrx_word' id='word_1_145' title='bbox 245 2117 286 2172; x_wconf 88' lang='lat' dir='ltr'>vel</span> <span class='ocrx_word' id='word_1_146' title='bbox 299 2118 407 2175; x_wconf 84' lang='lat' dir='ltr'>nivibus</span> <span class='ocrx_word' id='word_1_147' title='bbox 417 2116 502 2189; x_wconf 81' lang='lat' dir='ltr'>puris,</span> <span class='ocrx_word' id='word_1_148' title='bbox 513 2116 556 2173; x_wconf 84' lang='lat' dir='ltr'>vel</span> <span class='ocrx_word' id='word_1_149' title='bbox 566 2116 641 2182; x_wconf 78' lang='lat' dir='ltr'>lecte,</span> <span class='ocrx_word' id='word_1_150' title='bbox 652 2124 753 2190; x_wconf 81' lang='lat' dir='ltr'>tuamq1</span> 
     </span>
     <span class='ocr_line' id='line_1_28' title="bbox 80 2192 667 2265; baseline -0.002 -17"><span class='ocrx_word' id='word_1_151' title='bbox 80 2206 118 2248; x_wconf 81' lang='lat'>250</span> <span class='ocrx_word' id='word_1_152' title='bbox 170 2192 305 2265; x_wconf 81' lang='lat' dir='ltr'>complexo</span> <span class='ocrx_word' id='word_1_153' title='bbox 315 2201 424 2248; x_wconf 81' lang='lat' dir='ltr'>matrem</span> <span class='ocrx_word' id='word_1_154' title='bbox 434 2192 587 2248; x_wconf 77' lang='lat' dir='ltr'>candidiora</span> <span class='ocrx_word' id='word_1_155' title='bbox 596 2193 667 2248; x_wconf 81' lang='lat' dir='ltr'>love.</span> 
     </span>
     <span class='ocr_line' id='line_1_29' title="bbox 133 2265 753 2340; baseline -0.002 -17"><span class='ocrx_word' id='word_1_156' title='bbox 133 2271 202 2324; x_wconf 88' lang='lat' dir='ltr'>Dum</span> <span class='ocrx_word' id='word_1_157' title='bbox 212 2276 305 2340; x_wconf 85' lang='lat' dir='ltr'>stupeo</span> <span class='ocrx_word' id='word_1_158' title='bbox 313 2269 389 2333; x_wconf 86' lang='lat' dir='ltr'>visis,</span> <span class='ocrx_word' id='word_1_159' title='bbox 401 2284 463 2322; x_wconf 81' lang='lat' dir='ltr'>nam</span> <span class='ocrx_word' id='word_1_160' title='bbox 474 2267 568 2338; x_wconf 81' lang='lat' dir='ltr'>poeula</span> <span class='ocrx_word' id='word_1_161' title='bbox 577 2265 644 2323; x_wconf 82' lang='lat' dir='ltr'>sorte</span> <span class='ocrx_word' id='word_1_162' title='bbox 652 2268 753 2322; x_wconf 77' lang='lat' dir='ltr'>tenebar</span> 
     </span>
     <span class='ocr_line' id='line_1_30' title="bbox 170 2341 658 2416; baseline -0.004 -18"><span class='ocrx_word' id='word_1_163' title='bbox 170 2343 265 2399; x_wconf 87' lang='lat' dir='ltr'>tortilis</span> <span class='ocrx_word' id='word_1_164' title='bbox 275 2361 289 2397; x_wconf 92' lang='lat' dir='ltr'>e</span> <span class='ocrx_word' id='word_1_165' title='bbox 298 2343 389 2416; x_wconf 79' lang='lat' dir='ltr'>digitis</span> <span class='ocrx_word' id='word_1_166' title='bbox 400 2341 496 2397; x_wconf 79' lang='lat' dir='ltr'>excidit</span> <span class='ocrx_word' id='word_1_167' title='bbox 506 2360 571 2397; x_wconf 79' lang='lat' dir='ltr'>ense</span> <span class='ocrx_word' id='word_1_168' title='bbox 580 2342 658 2396; x_wconf 85' lang='lat' dir='ltr'>meis.</span> 
     </span>
     <span class='ocr_line' id='line_1_31' title="bbox 135 2414 725 2489; baseline -0.002 -16"><span class='ocrx_word' id='word_1_169' title='bbox 135 2418 231 2474; x_wconf 81' lang='lat' dir='ltr'><strong>Oscula</strong></span> <span class='ocrx_word' id='word_1_170' title='bbox 240 2418 264 2472; x_wconf 89' lang='lat' dir='ltr'>si</span> <span class='ocrx_word' id='word_1_171' title='bbox 275 2426 350 2472; x_wconf 85' lang='lat' dir='ltr'>uotae</span> <span class='ocrx_word' id='word_1_172' title='bbox 359 2416 477 2482; x_wconf 86' lang='lat' dir='ltr'>dederas,</span> <span class='ocrx_word' id='word_1_173' title='bbox 489 2434 537 2489; x_wconf 78' lang='lat' dir='ltr'>ego</span> <span class='ocrx_word' id='word_1_174' title='bbox 546 2416 669 2488; x_wconf 86' lang='lat' dir='ltr'>protinus</span> <span class='ocrx_word' id='word_1_175' title='bbox 678 2414 725 2472; x_wconf 82' lang='lat' dir='ltr'>illo</span> 
     </span>
     <span class='ocr_line' id='line_1_32' title="bbox 168 2490 696 2552; baseline -0.019 -2"><span class='ocrx_word' id='word_1_176' title='bbox 168 2492 326 2552; x_wconf 86' lang='lat' dir='ltr'>Hermiones</span> <span class='ocrx_word' id='word_1_177' title='bbox 336 2490 696 2548; x_wconf 67' lang='lat' dir='ltr'>teneroieetuseboretrdx:</span> 
     </span>
    </p>
   </div>
   <div class='ocr_carea' id='block_1_3' title="bbox 25 2553 753 2727">
    <p class='ocr_par' dir='ltr' id='par_1_3' title="bbox 25 2553 753 2727">
     <span class='ocr_line' id='line_1_33' title="bbox 25 2553 753 2631; baseline -0.034 -3"><span class='ocrx_word' id='word_1_178' title='bbox 25 2553 26 2556; x_wconf 8' lang='grc' dir='ltr'><strong>Ἴ</strong></span> <span class='ocrx_word' id='word_1_179' title='bbox 62 2583 107 2627; x_wconf 71' lang='lat'>‚⁹55</span> <span class='ocrx_word' id='word_1_180' title='bbox 122 2582 147 2628; x_wconf 87' lang='lat' dir='ltr'>et</span> <span class='ocrx_word' id='word_1_181' title='bbox 156 2572 240 2631; x_wconf 88' lang='lat' dir='ltr'>modo</span> <span class='ocrx_word' id='word_1_182' title='bbox 250 2569 400 2628; x_wconf 82' lang='lat' dir='ltr'>cantabam</span> <span class='ocrx_word' id='word_1_183' title='bbox 409 2573 520 2622; x_wconf 80' lang='lat' dir='ltr'>veteres</span> <span class='ocrx_word' id='word_1_184' title='bbox 528 2560 753 2629; x_wconf 62' lang='lat' dir='ltr'>reeodmeemo</span> 
     </span>
     <span class='ocr_line' id='line_1_34' title="bbox 152 2621 753 2727; baseline -0.06 -14"><span class='ocrx_word' id='word_1_185' title='bbox 152 2659 181 2709; x_wconf 80' lang='lat' dir='ltr'>et</span> <span class='ocrx_word' id='word_1_186' title='bbox 191 2649 281 2710; x_wconf 89' lang='lat' dir='ltr'>modo</span> <span class='ocrx_word' id='word_1_187' title='bbox 291 2668 344 2727; x_wconf 91' lang='lat' dir='ltr'>per</span> <span class='ocrx_word' id='word_1_188' title='bbox 357 2656 468 2707; x_wconf 86' lang='lat' dir='ltr'>nutum</span> <span class='ocrx_word' id='word_1_189' title='bbox 475 2629 695 2714; x_wconf 65' lang='lat' dir='ltr'>signategexde</span> <span class='ocrx_word' id='word_1_190' title='bbox 701 2621 753 2673; x_wconf 67' lang='lat' dir='ltr'>deo</span> 
     </span>
    </p>
   </div>
   <div class='ocr_carea' id='block_1_4' title="bbox 0 0 890 2992">
    <p class='ocr_par' dir='ltr' id='par_1_4' title="bbox 0 0 890 2992">
     <span class='ocr_line' id='line_1_35' title="bbox 0 0 890 2992; baseline 0 0"><span class='ocrx_word' id='word_1_191' title='bbox 0 0 890 2992; x_wconf 95' lang='lat' dir='ltr'> </span> 
     </span>
    </p>
   </div>
  </div>
 </body>
</html>
