<?xml version="1.0" encoding="UTF-8"?>
<!DOCTYPE html PUBLIC "-//W3C//DTD XHTML 1.0 Transitional//EN"
    "http://www.w3.org/TR/xhtml1/DTD/xhtml1-transitional.dtd">
<html xmlns="http://www.w3.org/1999/xhtml" xml:lang="en" lang="en">
 <head>
  <title>
</title>
<meta http-equiv="Content-Type" content="text/html;charset=utf-8" />
  <meta name='ocr-system' content='tesseract 3.04.00' />
  <meta name='ocr-capabilities' content='ocr_page ocr_carea ocr_par ocr_line ocrx_word'/>
</head>
<body>
  <div class='ocr_page' id='page_1' title='image "./povidiinasoniso00ovidgoog_0024.png"; bbox 0 0 1770 2992; ppageno 0'>
   <div class='ocr_carea' id='block_1_1' title="bbox 266 118 802 169">
    <p class='ocr_par' dir='ltr' id='par_1_1' title="bbox 266 118 802 169">
     <span class='ocr_line' id='line_1_1' title="bbox 266 118 802 169; baseline -0.004 0"><span class='ocrx_word' id='word_1_1' title='bbox 266 122 472 169; x_wconf 81' lang='lat' dir='ltr'>HEROIDES.</span> <span class='ocrx_word' id='word_1_2' title='bbox 501 123 555 169; x_wconf 86' lang='grc' dir='ltr'>ΕΡ.</span> <span class='ocrx_word' id='word_1_3' title='bbox 569 124 602 168; x_wconf 90' lang='grc' dir='ltr'>Π.</span> <span class='ocrx_word' id='word_1_4' title='bbox 787 118 802 167; x_wconf 83' lang='grc'>9</span> 
     </span>
    </p>
   </div>
   <div class='ocr_carea' id='block_1_2' title="bbox 60 221 859 2677">
    <p class='ocr_par' dir='ltr' id='par_1_2' title="bbox 60 221 859 2677">
     <span class='ocr_line' id='line_1_2' title="bbox 101 221 608 296; baseline -0.006 -17"><span class='ocrx_word' id='word_1_5' title='bbox 101 225 210 280; x_wconf 88' lang='lat' dir='ltr'>nomine</span> <span class='ocrx_word' id='word_1_6' title='bbox 219 221 333 279; x_wconf 84' lang='lat' dir='ltr'>femineo</span> <span class='ocrx_word' id='word_1_7' title='bbox 342 224 390 279; x_wconf 84' lang='lat' dir='ltr'>vix</span> <span class='ocrx_word' id='word_1_8' title='bbox 399 224 461 278; x_wconf 90' lang='lat' dir='ltr'>satis</span> <span class='ocrx_word' id='word_1_9' title='bbox 472 231 531 296; x_wconf 89' lang='lat' dir='ltr'>apta</span> <span class='ocrx_word' id='word_1_10' title='bbox 539 223 608 296; x_wconf 82' lang='lat' dir='ltr'>regi:</span> 
     </span>
     <span class='ocr_line' id='line_1_3' title="bbox 61 295 800 372; baseline -0.001 -19"><span class='ocrx_word' id='word_1_11' title='bbox 61 306 199 372; x_wconf 82' lang='lat' dir='ltr'>quapatst</span> <span class='ocrx_word' id='word_1_12' title='bbox 207 297 494 368; x_wconf 83' lang='lat' dir='ltr'>umbrosumllhodope</span> <span class='ocrx_word' id='word_1_13' title='bbox 502 295 800 371; x_wconf 82' lang='lat' dir='ltr'>glacialisadHaemum,</span> 
     </span>
     <span class='ocr_line' id='line_1_4' title="bbox 99 371 656 444; baseline -0.007 -16"><span class='ocrx_word' id='word_1_14' title='bbox 99 382 125 429; x_wconf 89' lang='lat' dir='ltr'>et</span> <span class='ocrx_word' id='word_1_15' title='bbox 133 390 209 428; x_wconf 85' lang='lat' dir='ltr'>sooer</span> <span class='ocrx_word' id='word_1_16' title='bbox 218 372 347 427; x_wconf 87' lang='lat' dir='ltr'>admissas</span> <span class='ocrx_word' id='word_1_17' title='bbox 357 371 439 444; x_wconf 85' lang='lat' dir='ltr'>exigit</span> <span class='ocrx_word' id='word_1_18' title='bbox 448 372 550 426; x_wconf 85' lang='lat' dir='ltr'>Hebrus</span> <span class='ocrx_word' id='word_1_19' title='bbox 559 388 656 442; x_wconf 86' lang='lat' dir='ltr'>aquas:</span> 
     </span>
     <span class='ocr_line' id='line_1_5' title="bbox 60 445 855 509; baseline -0.004 -6"><span class='ocrx_word' id='word_1_20' title='bbox 60 450 107 503; x_wconf 87' lang='lat' dir='ltr'>oui</span> <span class='ocrx_word' id='word_1_21' title='bbox 116 447 217 502; x_wconf 85' lang='lat' dir='ltr'>meavi</span> <span class='ocrx_word' id='word_1_22' title='bbox 252 447 329 501; x_wconf 84' lang='lat' dir='ltr'>&#39;nitas</span> <span class='ocrx_word' id='word_1_23' title='bbox 339 446 433 500; x_wconf 87' lang='lat' dir='ltr'>avibus</span> <span class='ocrx_word' id='word_1_24' title='bbox 445 446 523 501; x_wconf 88' lang='lat' dir='ltr'>libata</span> <span class='ocrx_word' id='word_1_25' title='bbox 533 445 656 509; x_wconf 86' lang='lat' dir='ltr'>sinistris,</span> <span class='ocrx_word' id='word_1_26' title='bbox 818 461 855 500; x_wconf 93' lang='lat'>115</span> 
     </span>
     <span class='ocr_line' id='line_1_6' title="bbox 100 520 618 593; baseline -0.002 -17"><span class='ocrx_word' id='word_1_27' title='bbox 100 530 228 593; x_wconf 78' lang='lat' dir='ltr'>eastaquo</span> <span class='ocrx_word' id='word_1_28' title='bbox 263 520 322 575; x_wconf 85' lang='lat' dir='ltr'>llaoi</span> <span class='ocrx_word' id='word_1_29' title='bbox 331 538 397 575; x_wconf 88' lang='lat' dir='ltr'>zona</span> <span class='ocrx_word' id='word_1_30' title='bbox 407 521 518 575; x_wconf 86' lang='lat' dir='ltr'>recincta</span> <span class='ocrx_word' id='word_1_31' title='bbox 528 538 618 575; x_wconf 92' lang='lat' dir='ltr'>manu.</span> 
     </span>
     <span class='ocr_line' id='line_1_7' title="bbox 62 594 704 667; baseline -0.005 -15"><span class='ocrx_word' id='word_1_32' title='bbox 62 597 188 652; x_wconf 75' lang='lat' dir='ltr'><strong>Pronuba</strong></span> <span class='ocrx_word' id='word_1_33' title='bbox 198 595 341 667; x_wconf 76' lang='lat' dir='ltr'><strong>Tisiphone</strong></span> <span class='ocrx_word' id='word_1_34' title='bbox 354 594 475 649; x_wconf 81' lang='lat' dir='ltr'><strong>thalamis</strong></span> <span class='ocrx_word' id='word_1_35' title='bbox 482 595 595 649; x_wconf 92' lang='lat' dir='ltr'>ululavit</span> <span class='ocrx_word' id='word_1_36' title='bbox 603 595 632 649; x_wconf 92' lang='lat' dir='ltr'>in</span> <span class='ocrx_word' id='word_1_37' title='bbox 642 595 704 663; x_wconf 88' lang='lat' dir='ltr'>illis,</span> 
     </span>
     <span class='ocr_line' id='line_1_8' title="bbox 100 669 650 725; baseline -0.004 0"><span class='ocrx_word' id='word_1_38' title='bbox 100 681 126 725; x_wconf 89' lang='grc'>11</span> <span class='ocrx_word' id='word_1_39' title='bbox 137 669 234 725; x_wconf 86' lang='lat' dir='ltr'>oecinit</span> <span class='ocrx_word' id='word_1_40' title='bbox 242 676 373 724; x_wconf 87' lang='lat' dir='ltr'>moestum</span> <span class='ocrx_word' id='word_1_41' title='bbox 385 669 462 724; x_wconf 86' lang='lat' dir='ltr'>davia</span> <span class='ocrx_word' id='word_1_42' title='bbox 470 686 574 724; x_wconf 89' lang='lat' dir='ltr'>carmen</span> <span class='ocrx_word' id='word_1_43' title='bbox 584 670 650 723; x_wconf 92' lang='lat' dir='ltr'>avis.</span> 
     </span>
     <span class='ocr_line' id='line_1_9' title="bbox 62 742 668 815; baseline -0.002 -15"><span class='ocrx_word' id='word_1_44' title='bbox 62 744 159 800; x_wconf 83' lang='lat' dir='ltr'>Adfuit</span> <span class='ocrx_word' id='word_1_45' title='bbox 167 743 265 808; x_wconf 81' lang='lat' dir='ltr'>Alecto,</span> <span class='ocrx_word' id='word_1_46' title='bbox 276 743 403 799; x_wconf 86' lang='lat' dir='ltr'>brevibus</span> <span class='ocrx_word' id='word_1_47' title='bbox 412 751 531 815; x_wconf 84' lang='lat' dir='ltr'>torquata</span> <span class='ocrx_word' id='word_1_48' title='bbox 540 742 668 800; x_wconf 86' lang='lat' dir='ltr'>colubris:</span> 
     </span>
     <span class='ocr_line' id='line_1_10' title="bbox 102 816 855 891; baseline -0.001 -18"><span class='ocrx_word' id='word_1_49' title='bbox 102 827 221 891; x_wconf 84' lang='lat' dir='ltr'>suntque</span> <span class='ocrx_word' id='word_1_50' title='bbox 229 817 370 889; x_wconf 84' lang='lat' dir='ltr'>sepulcrali</span> <span class='ocrx_word' id='word_1_51' title='bbox 379 816 482 872; x_wconf 91' lang='lat' dir='ltr'>lumina</span> <span class='ocrx_word' id='word_1_52' title='bbox 491 826 561 873; x_wconf 90' lang='lat' dir='ltr'>mota</span> <span class='ocrx_word' id='word_1_53' title='bbox 570 818 634 873; x_wconf 86' lang='lat' dir='ltr'>face.</span> <span class='ocrx_word' id='word_1_54' title='bbox 817 830 855 872; x_wconf 77' lang='grc'>1111</span> 
     </span>
     <span class='ocr_line' id='line_1_11' title="bbox 61 891 771 964; baseline -0.006 -13"><span class='ocrx_word' id='word_1_55' title='bbox 61 896 164 951; x_wconf 75' lang='lat' dir='ltr'>Moesta</span> <span class='ocrx_word' id='word_1_56' title='bbox 173 900 262 947; x_wconf 83' lang='lat' dir='ltr'>tumen</span> <span class='ocrx_word' id='word_1_57' title='bbox 274 891 396 963; x_wconf 82' lang='lat' dir='ltr'>scopulos</span> <span class='ocrx_word' id='word_1_58' title='bbox 405 891 581 964; x_wconf 79' lang='lat' dir='ltr'>fruticosaque</span> <span class='ocrx_word' id='word_1_59' title='bbox 593 892 677 949; x_wconf 85' lang='lat' dir='ltr'>littora</span> <span class='ocrx_word' id='word_1_60' title='bbox 688 894 771 948; x_wconf 85' lang='lat' dir='ltr'>calco:</span> 
     </span>
     <span class='ocr_line' id='line_1_12' title="bbox 102 965 664 1041; baseline 0 -19"><span class='ocrx_word' id='word_1_61' title='bbox 102 984 211 1041; x_wconf 87' lang='lat' dir='ltr'>quaque</span> <span class='ocrx_word' id='word_1_62' title='bbox 219 974 309 1038; x_wconf 85' lang='lat' dir='ltr'>patent</span> <span class='ocrx_word' id='word_1_63' title='bbox 317 965 401 1022; x_wconf 86' lang='lat' dir='ltr'>oculis</span> <span class='ocrx_word' id='word_1_64' title='bbox 411 984 522 1039; x_wconf 88' lang='lat' dir='ltr'>aequora</span> <span class='ocrx_word' id='word_1_65' title='bbox 532 968 581 1022; x_wconf 87' lang='lat' dir='ltr'>lata</span> <span class='ocrx_word' id='word_1_66' title='bbox 589 969 664 1022; x_wconf 84' lang='lat' dir='ltr'>meis.</span> 
     </span>
     <span class='ocr_line' id='line_1_13' title="bbox 62 1041 673 1116; baseline -0.003 -18"><span class='ocrx_word' id='word_1_67' title='bbox 62 1043 126 1099; x_wconf 86' lang='lat' dir='ltr'>Sive</span> <span class='ocrx_word' id='word_1_68' title='bbox 135 1042 179 1097; x_wconf 88' lang='lat' dir='ltr'>die</span> <span class='ocrx_word' id='word_1_69' title='bbox 189 1041 293 1097; x_wconf 85' lang='lat' dir='ltr'>laxatur</span> <span class='ocrx_word' id='word_1_70' title='bbox 301 1041 411 1106; x_wconf 90' lang='lat' dir='ltr'>humus,</span> <span class='ocrx_word' id='word_1_71' title='bbox 423 1059 470 1096; x_wconf 87' lang='lat' dir='ltr'>seu</span> <span class='ocrx_word' id='word_1_72' title='bbox 483 1041 576 1116; x_wconf 76' lang='lat' dir='ltr'>frigida</span> <span class='ocrx_word' id='word_1_73' title='bbox 586 1041 673 1096; x_wconf 88' lang='lat' dir='ltr'>lucent</span> 
     </span>
     <span class='ocr_line' id='line_1_14' title="bbox 103 1115 683 1189; baseline -0.005 -18"><span class='ocrx_word' id='word_1_74' title='bbox 103 1117 200 1183; x_wconf 84' lang='lat' dir='ltr'>sidera,</span> <span class='ocrx_word' id='word_1_75' title='bbox 211 1116 351 1188; x_wconf 82' lang='lat' dir='ltr'>prospicio,</span> <span class='ocrx_word' id='word_1_76' title='bbox 364 1117 426 1187; x_wconf 89' lang='lat' dir='ltr'>quis</span> <span class='ocrx_word' id='word_1_77' title='bbox 434 1115 498 1170; x_wconf 82' lang='lat' dir='ltr'>freta</span> <span class='ocrx_word' id='word_1_78' title='bbox 507 1123 601 1171; x_wconf 87' lang='lat' dir='ltr'>ventus</span> <span class='ocrx_word' id='word_1_79' title='bbox 611 1126 683 1189; x_wconf 83' lang='lat' dir='ltr'>agat:</span> 
     </span>
     <span class='ocr_line' id='line_1_15' title="bbox 63 1190 857 1265; baseline -0.008 -18"><span class='ocrx_word' id='word_1_80' title='bbox 63 1202 91 1247; x_wconf 87' lang='lat' dir='ltr'>et</span> <span class='ocrx_word' id='word_1_81' title='bbox 99 1207 286 1265; x_wconf 87' lang='lat' dir='ltr'>quaecumque</span> <span class='ocrx_word' id='word_1_82' title='bbox 294 1190 386 1261; x_wconf 85' lang='lat' dir='ltr'>procul</span> <span class='ocrx_word' id='word_1_83' title='bbox 394 1191 525 1246; x_wconf 87' lang='lat' dir='ltr'>venientia</span> <span class='ocrx_word' id='word_1_84' title='bbox 535 1191 613 1245; x_wconf 87' lang='lat' dir='ltr'>lintea</span> <span class='ocrx_word' id='word_1_85' title='bbox 623 1192 687 1254; x_wconf 85' lang='lat' dir='ltr'>vidi,</span> <span class='ocrx_word' id='word_1_86' title='bbox 820 1201 857 1241; x_wconf 79' lang='lat'>115</span> 
     </span>
     <span class='ocr_line' id='line_1_16' title="bbox 103 1264 634 1339; baseline -0.006 -17"><span class='ocrx_word' id='word_1_87' title='bbox 103 1267 226 1339; x_wconf 86' lang='lat' dir='ltr'>protinus</span> <span class='ocrx_word' id='word_1_88' title='bbox 235 1264 281 1319; x_wconf 85' lang='lat' dir='ltr'>illa</span> <span class='ocrx_word' id='word_1_89' title='bbox 292 1283 364 1320; x_wconf 89' lang='lat' dir='ltr'>meos</span> <span class='ocrx_word' id='word_1_90' title='bbox 374 1283 489 1339; x_wconf 81' lang='lat' dir='ltr'>auguror</span> <span class='ocrx_word' id='word_1_91' title='bbox 497 1282 554 1320; x_wconf 87' lang='lat' dir='ltr'>esso</span> <span class='ocrx_word' id='word_1_92' title='bbox 564 1264 634 1320; x_wconf 88' lang='lat' dir='ltr'>deos.</span> 
     </span>
     <span class='ocr_line' id='line_1_17' title="bbox 64 1339 706 1412; baseline -0.009 -16"><span class='ocrx_word' id='word_1_93' title='bbox 64 1343 97 1396; x_wconf 90' lang='lat' dir='ltr'>ln</span> <span class='ocrx_word' id='word_1_94' title='bbox 106 1340 171 1395; x_wconf 84' lang='lat' dir='ltr'>freta</span> <span class='ocrx_word' id='word_1_95' title='bbox 180 1356 316 1412; x_wconf 80' lang='lat' dir='ltr'>procurro,</span> <span class='ocrx_word' id='word_1_96' title='bbox 328 1341 375 1395; x_wconf 88' lang='lat' dir='ltr'>vix</span> <span class='ocrx_word' id='word_1_97' title='bbox 383 1358 426 1395; x_wconf 86' lang='lat' dir='ltr'>mo</span> <span class='ocrx_word' id='word_1_98' title='bbox 435 1339 607 1395; x_wconf 83' lang='lat' dir='ltr'>retinentibus</span> <span class='ocrx_word' id='word_1_99' title='bbox 616 1339 706 1399; x_wconf 86' lang='lat' dir='ltr'>undis,</span> 
     </span>
     <span class='ocr_line' id='line_1_18' title="bbox 102 1415 701 1487; baseline -0.012 -17"><span class='ocrx_word' id='word_1_100' title='bbox 102 1415 203 1471; x_wconf 90' lang='lat' dir='ltr'>mobile</span> <span class='ocrx_word' id='word_1_101' title='bbox 212 1431 266 1487; x_wconf 86' lang='lat' dir='ltr'>qua</span> <span class='ocrx_word' id='word_1_102' title='bbox 275 1415 374 1485; x_wconf 90' lang='lat' dir='ltr'>primas</span> <span class='ocrx_word' id='word_1_103' title='bbox 384 1415 495 1487; x_wconf 81' lang='lat' dir='ltr'>porrigit</span> <span class='ocrx_word' id='word_1_104' title='bbox 503 1430 600 1483; x_wconf 90' lang='lat' dir='ltr'>aequor</span> <span class='ocrx_word' id='word_1_105' title='bbox 610 1429 701 1481; x_wconf 88' lang='lat' dir='ltr'>aquas.</span> 
     </span>
     <span class='ocr_line' id='line_1_19' title="bbox 65 1484 781 1563; baseline -0.008 -18"><span class='ocrx_word' id='word_1_106' title='bbox 65 1490 126 1557; x_wconf 84' lang='lat' dir='ltr'>Quo</span> <span class='ocrx_word' id='word_1_107' title='bbox 136 1490 223 1563; x_wconf 79' lang='lat' dir='ltr'>magis</span> <span class='ocrx_word' id='word_1_108' title='bbox 233 1489 367 1554; x_wconf 87' lang='lat' dir='ltr'>aocodunt,</span> <span class='ocrx_word' id='word_1_109' title='bbox 378 1490 469 1544; x_wconf 87' lang='lat' dir='ltr'>minus</span> <span class='ocrx_word' id='word_1_110' title='bbox 481 1495 506 1542; x_wconf 90' lang='lat' dir='ltr'>et</span> <span class='ocrx_word' id='word_1_111' title='bbox 516 1487 605 1540; x_wconf 88' lang='lat' dir='ltr'>minus</span> <span class='ocrx_word' id='word_1_112' title='bbox 615 1484 687 1539; x_wconf 88' lang='lat' dir='ltr'>utilis</span> <span class='ocrx_word' id='word_1_113' title='bbox 697 1486 781 1552; x_wconf 64' lang='lat' dir='ltr'>adsto,</span> 
     </span>
     <span class='ocr_line' id='line_1_20' title="bbox 105 1561 857 1636; baseline -0.007 -17"><span class='ocrx_word' id='word_1_114' title='bbox 105 1564 223 1636; x_wconf 87' lang='lat' dir='ltr'>linquor,</span> <span class='ocrx_word' id='word_1_115' title='bbox 234 1571 260 1618; x_wconf 89' lang='lat' dir='ltr'>et</span> <span class='ocrx_word' id='word_1_116' title='bbox 270 1563 373 1618; x_wconf 85' lang='lat' dir='ltr'>ancillis</span> <span class='ocrx_word' id='word_1_117' title='bbox 382 1562 536 1634; x_wconf 82' lang='lat' dir='ltr'>excipienda</span> <span class='ocrx_word' id='word_1_118' title='bbox 544 1561 618 1616; x_wconf 78' lang='lat' dir='ltr'>cado.</span> <span class='ocrx_word' id='word_1_119' title='bbox 820 1574 857 1614; x_wconf 77' lang='lat'>150</span> 
     </span>
     <span class='ocr_line' id='line_1_21' title="bbox 66 1636 719 1705; baseline -0.008 -11"><span class='ocrx_word' id='word_1_120' title='bbox 66 1640 115 1695; x_wconf 89' lang='lat' dir='ltr'>Est</span> <span class='ocrx_word' id='word_1_121' title='bbox 124 1640 212 1705; x_wconf 89' lang='lat' dir='ltr'>sinus,</span> <span class='ocrx_word' id='word_1_122' title='bbox 226 1637 351 1693; x_wconf 80' lang='lat' dir='ltr'>adductos</span> <span class='ocrx_word' id='word_1_123' title='bbox 360 1637 461 1693; x_wconf 84' lang='lat' dir='ltr'>modice</span> <span class='ocrx_word' id='word_1_124' title='bbox 470 1636 579 1691; x_wconf 88' lang='lat' dir='ltr'>falcatus</span> <span class='ocrx_word' id='word_1_125' title='bbox 589 1638 617 1691; x_wconf 89' lang='lat' dir='ltr'>in</span> <span class='ocrx_word' id='word_1_126' title='bbox 628 1654 719 1690; x_wconf 89' lang='lat' dir='ltr'>arcus:</span> 
     </span>
     <span class='ocr_line' id='line_1_22' title="bbox 104 1711 639 1785; baseline -0.006 -17"><span class='ocrx_word' id='word_1_127' title='bbox 104 1713 200 1768; x_wconf 89' lang='lat' dir='ltr'>ultima</span> <span class='ocrx_word' id='word_1_128' title='bbox 209 1720 349 1785; x_wconf 85' lang='lat' dir='ltr'>praerupta</span> <span class='ocrx_word' id='word_1_129' title='bbox 359 1730 457 1768; x_wconf 87' lang='lat' dir='ltr'>cornua</span> <span class='ocrx_word' id='word_1_130' title='bbox 467 1711 535 1767; x_wconf 89' lang='lat' dir='ltr'>mole</span> <span class='ocrx_word' id='word_1_131' title='bbox 544 1712 639 1784; x_wconf 84' lang='lat' dir='ltr'>rigent.</span> 
     </span>
     <span class='ocr_line' id='line_1_23' title="bbox 67 1786 758 1860; baseline -0.007 -17"><span class='ocrx_word' id='word_1_132' title='bbox 67 1790 136 1843; x_wconf 85' lang='lat' dir='ltr'>Hinc</span> <span class='ocrx_word' id='word_1_133' title='bbox 145 1787 213 1842; x_wconf 90' lang='lat' dir='ltr'>mihi</span> <span class='ocrx_word' id='word_1_134' title='bbox 226 1787 375 1860; x_wconf 86' lang='lat' dir='ltr'>suppositas</span> <span class='ocrx_word' id='word_1_135' title='bbox 385 1788 524 1842; x_wconf 83' lang='lat' dir='ltr'>immittere</span> <span class='ocrx_word' id='word_1_136' title='bbox 534 1804 627 1857; x_wconf 84' lang='lat' dir='ltr'>eorpus</span> <span class='ocrx_word' id='word_1_137' title='bbox 637 1787 663 1840; x_wconf 93' lang='lat' dir='ltr'>in</span> <span class='ocrx_word' id='word_1_138' title='bbox 675 1786 758 1839; x_wconf 89' lang='lat' dir='ltr'>undas</span> 
     </span>
     <span class='ocr_line' id='line_1_24' title="bbox 105 1860 723 1934; baseline -0.003 -18"><span class='ocrx_word' id='word_1_139' title='bbox 105 1861 255 1930; x_wconf 71' lang='lat' dir='ltr'>meminit,</span> <span class='ocrx_word' id='word_1_140' title='bbox 276 1870 310 1927; x_wconf 87' lang='grc'>11,</span> <span class='ocrx_word' id='word_1_141' title='bbox 324 1863 450 1934; x_wconf 91' lang='lat' dir='ltr'>quoniam</span> <span class='ocrx_word' id='word_1_142' title='bbox 458 1860 547 1916; x_wconf 85' lang='lat' dir='ltr'>fallere</span> <span class='ocrx_word' id='word_1_143' title='bbox 555 1862 652 1934; x_wconf 78' lang='lat' dir='ltr'>pergis,</span> <span class='ocrx_word' id='word_1_144' title='bbox 668 1863 723 1914; x_wconf 89' lang='lat' dir='ltr'>erit.</span> 
     </span>
     <span class='ocr_line' id='line_1_25' title="bbox 67 1935 859 2007; baseline -0.011 -16"><span class='ocrx_word' id='word_1_145' title='bbox 67 1938 110 1992; x_wconf 77' lang='lat' dir='ltr'>Ad</span> <span class='ocrx_word' id='word_1_146' title='bbox 119 1944 164 1992; x_wconf 90' lang='lat' dir='ltr'>tua</span> <span class='ocrx_word' id='word_1_147' title='bbox 175 1953 218 1991; x_wconf 88' lang='lat' dir='ltr'>me</span> <span class='ocrx_word' id='word_1_148' title='bbox 226 1935 321 1992; x_wconf 87' lang='lat' dir='ltr'>lluotus</span> <span class='ocrx_word' id='word_1_149' title='bbox 329 1937 469 2007; x_wconf 85' lang='lat' dir='ltr'>proiectam</span> <span class='ocrx_word' id='word_1_150' title='bbox 479 1937 563 1991; x_wconf 89' lang='lat' dir='ltr'>littora</span> <span class='ocrx_word' id='word_1_151' title='bbox 572 1942 682 2007; x_wconf 83' lang='lat' dir='ltr'>portent,</span> <span class='ocrx_word' id='word_1_152' title='bbox 821 1942 859 1983; x_wconf 80' lang='lat'>135</span> 
     </span>
     <span class='ocr_line' id='line_1_26' title="bbox 106 2010 629 2083; baseline -0.01 -16"><span class='ocrx_word' id='word_1_153' title='bbox 106 2029 296 2083; x_wconf 83' lang='lat' dir='ltr'>ooeurramque</span> <span class='ocrx_word' id='word_1_154' title='bbox 305 2010 388 2066; x_wconf 85' lang='lat' dir='ltr'>oculis</span> <span class='ocrx_word' id='word_1_155' title='bbox 398 2010 555 2066; x_wconf 73' lang='lat' dir='ltr'>intumulata</span> <span class='ocrx_word' id='word_1_156' title='bbox 566 2012 629 2064; x_wconf 88' lang='lat' dir='ltr'>tuis.</span> 
     </span>
     <span class='ocr_line' id='line_1_27' title="bbox 68 2086 763 2157; baseline -0.01 -16"><span class='ocrx_word' id='word_1_157' title='bbox 68 2087 172 2141; x_wconf 82' lang='lat' dir='ltr'>Duritia</span> <span class='ocrx_word' id='word_1_158' title='bbox 181 2086 280 2140; x_wconf 85' lang='lat' dir='ltr'>lerrum</span> <span class='ocrx_word' id='word_1_159' title='bbox 290 2094 320 2140; x_wconf 91' lang='lat' dir='ltr'>ut</span> <span class='ocrx_word' id='word_1_160' title='bbox 331 2104 447 2157; x_wconf 83' lang='lat' dir='ltr'>superes,</span> <span class='ocrx_word' id='word_1_161' title='bbox 464 2086 662 2154; x_wconf 86' lang='lat' dir='ltr'>adamantaque,</span> <span class='ocrx_word' id='word_1_162' title='bbox 675 2092 763 2153; x_wconf 75' lang='lat' dir='ltr'>taque:</span> 
     </span>
     <span class='ocr_line' id='line_1_28' title="bbox 107 2158 734 2232; baseline -0.008 -17"><span class='ocrx_word' id='word_1_163' title='bbox 107 2162 166 2216; x_wconf 90' lang='lat' dir='ltr'>Non</span> <span class='ocrx_word' id='word_1_164' title='bbox 176 2161 224 2215; x_wconf 90' lang='lat' dir='ltr'>tibi</span> <span class='ocrx_word' id='word_1_165' title='bbox 234 2161 282 2225; x_wconf 88' lang='lat' dir='ltr'>sic,</span> <span class='ocrx_word' id='word_1_166' title='bbox 294 2160 373 2224; x_wconf 86' lang='lat' dir='ltr'>dicos,</span> <span class='ocrx_word' id='word_1_167' title='bbox 386 2159 482 2232; x_wconf 79' lang='lat' dir='ltr'>Phylli,</span> <span class='ocrx_word' id='word_1_168' title='bbox 494 2158 644 2229; x_wconf 87' lang='lat' dir='ltr'>sequendus</span> <span class='ocrx_word' id='word_1_169' title='bbox 654 2175 734 2210; x_wconf 87' lang='lat' dir='ltr'>eram.</span> 
     </span>
     <span class='ocr_line' id='line_1_29' title="bbox 70 2231 749 2306; baseline -0.007 -17"><span class='ocrx_word' id='word_1_170' title='bbox 70 2235 152 2306; x_wconf 84' lang='lat' dir='ltr'>Saepo</span> <span class='ocrx_word' id='word_1_171' title='bbox 162 2251 323 2289; x_wconf 87' lang='lat' dir='ltr'>venenorum</span> <span class='ocrx_word' id='word_1_172' title='bbox 336 2235 394 2288; x_wconf 88' lang='lat' dir='ltr'>sitis</span> <span class='ocrx_word' id='word_1_173' title='bbox 404 2241 443 2288; x_wconf 88' lang='lat' dir='ltr'>est</span> <span class='ocrx_word' id='word_1_174' title='bbox 456 2231 536 2286; x_wconf 89' lang='lat' dir='ltr'>mihi:</span> <span class='ocrx_word' id='word_1_175' title='bbox 557 2248 633 2301; x_wconf 90' lang='lat' dir='ltr'>saepe</span> <span class='ocrx_word' id='word_1_176' title='bbox 643 2240 749 2285; x_wconf 85' lang='lat' dir='ltr'>cruenta</span> 
     </span>
     <span class='ocr_line' id='line_1_30' title="bbox 108 2307 859 2381; baseline -0.012 -17"><span class='ocrx_word' id='word_1_177' title='bbox 108 2310 240 2364; x_wconf 82' lang='lat' dir='ltr'>traiectam</span> <span class='ocrx_word' id='word_1_178' title='bbox 250 2307 338 2381; x_wconf 82' lang='lat' dir='ltr'>gladio</span> <span class='ocrx_word' id='word_1_179' title='bbox 348 2315 430 2363; x_wconf 90' lang='lat' dir='ltr'>morte</span> <span class='ocrx_word' id='word_1_180' title='bbox 438 2307 523 2378; x_wconf 79' lang='lat' dir='ltr'>perire</span> <span class='ocrx_word' id='word_1_181' title='bbox 532 2307 614 2359; x_wconf 87' lang='lat' dir='ltr'>iuvat.</span> <span class='ocrx_word' id='word_1_182' title='bbox 821 2311 859 2356; x_wconf 81' lang='grc'>111</span> 
     </span>
     <span class='ocr_line' id='line_1_31' title="bbox 71 2378 731 2455; baseline -0.015 -14"><span class='ocrx_word' id='word_1_183' title='bbox 71 2383 143 2441; x_wconf 89' lang='lat' dir='ltr'>Colla</span> <span class='ocrx_word' id='word_1_184' title='bbox 154 2396 270 2455; x_wconf 78' lang='lat' dir='ltr'>quoque,</span> <span class='ocrx_word' id='word_1_185' title='bbox 285 2383 374 2436; x_wconf 88' lang='lat' dir='ltr'>infidis</span> <span class='ocrx_word' id='word_1_186' title='bbox 387 2399 486 2454; x_wconf 85' lang='lat' dir='ltr'>quaeso</span> <span class='ocrx_word' id='word_1_187' title='bbox 496 2379 620 2434; x_wconf 86' lang='lat' dir='ltr'>nectenda</span> <span class='ocrx_word' id='word_1_188' title='bbox 631 2378 731 2432; x_wconf 86' lang='lat' dir='ltr'>lacertis</span> 
     </span>
     <span class='ocr_line' id='line_1_32' title="bbox 108 2453 663 2530; baseline -0.013 -18"><span class='ocrx_word' id='word_1_189' title='bbox 108 2458 295 2530; x_wconf 87' lang='lat' dir='ltr'>praebuerant,</span> <span class='ocrx_word' id='word_1_190' title='bbox 310 2456 410 2528; x_wconf 89' lang='lat' dir='ltr'>laqueis</span> <span class='ocrx_word' id='word_1_191' title='bbox 419 2454 582 2526; x_wconf 84' lang='lat' dir='ltr'>implicuisse</span> <span class='ocrx_word' id='word_1_192' title='bbox 592 2453 663 2506; x_wconf 90' lang='lat' dir='ltr'>libet.</span> 
     </span>
     <span class='ocr_line' id='line_1_33' title="bbox 72 2527 707 2600; baseline -0.016 -13"><span class='ocrx_word' id='word_1_193' title='bbox 72 2533 128 2587; x_wconf 88' lang='lat' dir='ltr'>Stat</span> <span class='ocrx_word' id='word_1_194' title='bbox 137 2549 200 2587; x_wconf 86' lang='lat' dir='ltr'>nece</span> <span class='ocrx_word' id='word_1_195' title='bbox 208 2539 311 2585; x_wconf 89' lang='lat' dir='ltr'>matura</span> <span class='ocrx_word' id='word_1_196' title='bbox 321 2538 439 2584; x_wconf 84' lang='lat' dir='ltr'>tenerum</span> <span class='ocrx_word' id='word_1_197' title='bbox 449 2546 558 2600; x_wconf 88' lang='lat' dir='ltr'>pensare</span> <span class='ocrx_word' id='word_1_198' title='bbox 567 2527 707 2596; x_wconf 76' lang='lat' dir='ltr'>pudorem3</span> 
     </span>
     <span class='ocr_line' id='line_1_34' title="bbox 111 2603 675 2677; baseline -0.011 -18"><span class='ocrx_word' id='word_1_199' title='bbox 111 2607 138 2661; x_wconf 91' lang='lat' dir='ltr'>in</span> <span class='ocrx_word' id='word_1_200' title='bbox 149 2607 220 2661; x_wconf 85' lang='lat' dir='ltr'>neeis</span> <span class='ocrx_word' id='word_1_201' title='bbox 229 2605 337 2660; x_wconf 87' lang='lat' dir='ltr'>electum</span> <span class='ocrx_word' id='word_1_202' title='bbox 345 2623 428 2677; x_wconf 84' lang='lat' dir='ltr'>parva</span> <span class='ocrx_word' id='word_1_203' title='bbox 438 2603 528 2661; x_wconf 81' lang='lat' dir='ltr'>lutura</span> <span class='ocrx_word' id='word_1_204' title='bbox 540 2617 616 2660; x_wconf 88' lang='lat' dir='ltr'>mora</span> <span class='ocrx_word' id='word_1_205' title='bbox 626 2606 675 2655; x_wconf 83' lang='lat' dir='ltr'>est.</span> 
     </span>
    </p>
   </div>
   <div class='ocr_carea' id='block_1_3' title="bbox 0 0 907 2992">
    <p class='ocr_par' dir='ltr' id='par_1_3' title="bbox 0 0 907 2992">
     <span class='ocr_line' id='line_1_35' title="bbox 0 0 907 2992; baseline 0 0"><span class='ocrx_word' id='word_1_206' title='bbox 0 0 907 2992; x_wconf 95' lang='lat' dir='ltr'> </span> 
     </span>
    </p>
   </div>
  </div>
 </body>
</html>
