1770 2992
117 108 165 162 324
357 109 609 157 cousoufflo

117 214 185 282 Quis
197 208 302 266 credat?
318 210 395 264 matri
405 208 453 265 lux
462 209 529 264 haee
538 205 775 269 moestissimam
828 229 836 282 r

154 304 209 360 qua
218 292 311 342 natum
319 284 348 339 in
360 302 468 340 summo
476 283 546 340 vidit
554 283 740 339 honore'suum.

65 374 103 420 143
119 366 209 419 Iamne
218 378 266 435 ego
276 357 416 415 nouielix?
428 360 481 414 iam
490 375 554 430 pars
559 358 773 488 mihiragtaNerm

155 435 267 493 materni
277 433 377 489 celeber
386 433 493 489 nomine
502 434 606 488 Drusus
615 432 659 489 avi
832 498 835 502 ¹

119 515 415 574 lamnemeusnouest‚
436 524 485 564 nee
492 525 535 562 me
544 505 607 562 facit
618 506 664 563 ille
742 498 791 561 uu?

111 644 114 648 Α
157 588 247 641 lamne
256 583 295 638 fui
306 583 385 638 Drusi
393 581 496 638 mater?
515 582 607 654 etipse
616 524 744 638 fuiti!mn

120 663 174 715 Nec
182 676 268 733 quum
277 657 403 712 victorem
414 656 539 712 referetur
554 657 647 712 adesse
655 658 777 718 Neronem.

66 748 105 790 150
156 731 305 789 dioereiam
316 737 414 802 potem,
434 731 526 798 Maior,
546 730 666 798 auaiter¹
685 727 764 787 adecti

120 808 218 864 Ultima
226 805 402 879 contigimus:
420 806 566 861 iuematris
576 805 816 867 habemuaabum·

156 880 238 936 unius
247 886 286 934 est
296 897 407 946 munus,
427 881 500 954 quod
509 888 598 936 tamen
608 881 673 937 orba
681 897 762 955 negor.
800 947 805 959 .

119 956 161 1012 Me
169 954 308 1010 miseram:
324 955 447 1022 extimui,
457 955 599 1029 frigusque
606 954 818 1029 perossamuuni

156 1028 324 1104 Nilegoiam
333 1047 444 1102 possum
453 1037 625 1086 eertavocare
634 1049 732 1087 meum.

67 1118 105 1160 155
119 1105 168 1161 Hie
179 1122 256 1160 meus
267 1121 325 1160 eeee
346 1103 412 1160 fuit:
434 1105 507 1160 iubet
515 1104 560 1160 hie
569 1104 603 1161 de
615 1105 694 1162 fratre
700 1103 781 1163 vereri.

157 1178 253 1234 Omnia
265 1179 318 1235 iam
328 1187 431 1235 metuo:
446 1177 536 1236 sortior
544 1187 605 1235 anie
614 1179 665 1236 fui.

120 1254 223 1326 Sospite
236 1253 362 1309 teaaltem
370 1254 477 1320 moriar.
497 1255 581 1311 Nemi
604 1256 646 1310 Tu
655 1273 715 1311 mea
722 1251 799 1310 rordu
833 1306 836 1313 .

158 1328 270 1395 lumina,
292 1336 318 1384 et
326 1327 442 1401 excipias
451 1329 521 1384 haue
530 1329 648 1385 animam
658 1330 759 1402 orepio.
804 1396 808 1409 .
833 1338 836 1355 ¹

121 1404 144 1458 A
183 1421 208 1458 re
217 1403 320 1459 utinam
330 1403 409 1459 Drusi
418 1421 516 1458 manus
526 1403 616 1470 altera,
637 1413 662 1459 et
671 1401 819 1460 alterutrum

68 1491 106 1532 150
168 1478 408 1544 omar-errorum,
428 1478 695 1552 mmprimereutque‚
715 1475 788 1534 meoei

121 1553 197 1619 Quod
207 1552 274 1620 licet,
294 1554 344 1609 hoc
355 1562 423 1608 certe
431 1552 535 1609 tumulo
542 1569 674 1626 ponemur
683 1555 713 1610 in
721 1570 777 1617 uuo,

160 1629 259 1683 Druse:
281 1646 368 1701 neque
378 1629 411 1683 ad
421 1637 521 1683 veteres
531 1628 655 1684 conditus
667 1630 720 1685 ibis
729 1644 791 1684 avus.

121 1703 249 1758 Miscebor
257 1704 392 1776 cinerique
401 1704 479 1769 cinis,
499 1704 770 1776 atqueossibusosse.

145 1828 147 1833 .
158 1777 230 1833 Hanc
241 1775 326 1832 lueem
336 1778 413 1832 celeri
423 1779 530 1834 turbina
538 1780 617 1834 Parca
631 1781 705 1834 neat!

67 1861 105 1904 165
121 1849 188 1902 ilaec
197 1855 222 1901 et
229 1848 307 1918 plura
316 1850 408 1907 refert:
432 1853 555 1909 lacrimae
568 1871 634 1908 suae
647 1855 728 1910 verba
740 1864 833 1925 sequurr

596 1936 649 1994 tur¹

158 2014 257 2071 oraque
265 1996 448 2071 nequidquam
458 2017 506 2072 per
513 2002 592 2059 modo
601 2011 696 2076 questa
705 2002 794 2059 fluum.

121 2073 280 2142 Quinetiam
289 2091 395 2147 corpus,
416 2077 494 2131 matri
504 2078 552 2134 vix
562 2077 664 2150 vixque
673 2080 813 2137 remissum,

157 2150 278 2223 exequiis
288 2151 382 2218 caruit,
402 2150 488 2218 Livia,
509 2170 592 2224 paene
601 2153 671 2208 suis.

120 2222 224 2296 Quippe
233 2225 434 2283 dueemarsuris
443 2227 572 2282 exereitus
582 2227 671 2283 omnis
681 2230 710 2285 iu
720 2229 803 2291 armi.

67 2307 105 2350 170
157 2299 225 2353 iuter
234 2317 303 2372 quae
314 2303 400 2374 periit,
420 2320 516 2374 ponere
524 2310 610 2358 certus
621 2311 688 2360 erat.

120 2370 237 2427 Abstulit
246 2374 337 2431 invitis
346 2395 441 2449 eorpus
450 2377 599 2432 venerabile
608 2375 701 2448 irater3

157 2454 183 2501 et
191 2448 307 2516 Drusum
317 2451 426 2521 patriae,
447 2452 519 2525 quod
529 2452 666 2524 licuitque,
689 2454 769 2508 dedit.

120 2521 222 2576 Funera
231 2522 367 2579 dueuutur
375 2526 492 2581 Romana
501 2545 548 2599 per
556 2527 653 2599 oppida
662 2529 753 2596 Drusi;

156 2595 209 2651 heu
219 2595 336 2652 facinus!
356 2615 403 2673 per
412 2617 482 2673 quae
489 2603 571 2658 vietur
586 2603 675 2657 iturus
683 2612 753 2670 eran¹
