1770 2992
25 149 30 164 ,
229 106 392 155 mortuas
409 110 477 154 mn.
498 111 528 155 rr.
548 113 604 156 st.
622 114 660 157 14.
752 109 799 159 t73

26 181 29 188 ¹
66 201 144 280 Saepo
152 209 202 264 tibi
211 208 280 264 sedit
288 208 366 264 oertis
378 218 482 280 operata
494 208 598 274 diebus,

102 300 153 355 qua
161 284 245 356 cingit
255 282 343 340 lauros
353 283 454 339 Gallica
463 292 550 338 turma
559 292 628 338 tuas.

69 348 171 431 Tuque,
190 357 337 414 laborantes
347 366 421 413 utero
429 359 551 413 miserata
561 359 672 429 puellas,

30 435 36 482 ἓ
104 432 392 505 quarumtardatatens
401 450 510 505 corpora
519 432 603 487 tendit
612 452 693 500 onus3
830 450 854 490 20

27 485 41 564 ἑ
74 496 134 561 lanis
142 508 218 574 ades,
239 508 417 580 precibusque
425 507 497 572 fave,
521 509 635 573 Lucina,
656 508 768 578 puellae.

33 565 41 648 ἦ
106 579 185 656 Digna
194 590 247 649 est,
266 599 349 654 quam
358 582 450 637 iubeas
462 584 581 637 muneris
594 601 651 637 esse
664 584 712 637 tui.

41 685 44 692 ·
75 643 324 731 lpseegoturadaho
333 656 445 713 tumosis
455 656 584 712 candidus
594 659 660 712 aris:

42 739 45 748 '
108 729 160 802 ipse
168 732 249 787 faram
261 739 323 787 ante
332 740 391 788 tuos
399 749 510 786 munera
522 740 581 787 vota
591 734 679 804 pedes.

78 794 194 862 Atticiam
204 805 325 873 titulum,
345 808 457 863 Servata
466 808 537 862 Naso
549 807 671 862 Corinna.
832 819 855 861 23

13 949 16 954 .
97 878 146 958 ¹Tu
155 882 232 938 modo
242 880 284 936 saa
294 880 370 936 titulo
379 881 590 953 muneribusque
600 882 697 937 locum.

10 960 17 982 ³
80 941 104 1001 Sl
112 960 192 1011 tamon
201 957 230 1011 in
240 962 313 1012 tanto
324 955 363 1011 fas
372 962 412 1010 est
422 956 558 1010 monuisse
568 956 672 1024 timore;

109 1025 209 1086 haatibi
219 1031 254 1086 sit
264 1047 355 1105 pugna
364 1030 517 1085 dimicuisse
527 1031 602 1085 satis.

244 1206 484 1263 ELEGIA
529 1207 622 1266 xlv.

79 1298 147 1380 Quid
155 1324 242 1391 iuvat,
262 1326 396 1382 immunes
407 1325 470 1382 belli
480 1343 580 1381 cessare
592 1326 704 1396 puellas,

10 1460 15 1465 ¹
90 1461 96 1473 ι
109 1415 153 1453 nec
161 1397 215 1455 fera
223 1399 333 1472 peltatas
342 1403 449 1476 agmina
463 1400 529 1457 velle
540 1402 626 1471 sequi,

10 1469 16 1493 ·“
75 1472 97 1516 ⁸¹
105 1472 249 1531 sinaMarte
257 1476 315 1531 suis
324 1478 461 1549 patiuntur
470 1474 580 1531 vulnera
591 1474 657 1541 telis,

109 1554 227 1609 ttctseas
237 1552 378 1608 armantia
387 1570 437 1607 sua
447 1550 499 1607 fata
509 1548 624 1604 manus?

127 1624 238 1697 aprima
246 1625 362 1681 instituit
374 1634 475 1682 teneros
485 1624 630 1682 eonvellere
640 1623 733 1690 foetus,
849 1639 859 1679 t

107 1699 199 1755 militia
208 1699 294 1756 fuerat
302 1701 383 1775 digna
392 1702 477 1773 perire
486 1719 544 1756 sua.

72 1756 208 1831 Salioetut
216 1783 302 1831 careat
310 1794 438 1849 rugarum
448 1776 558 1831 crimine
568 1784 666 1841 venter,

14 1871 18 1910 5
105 1856 234 1905 sternetur
242 1867 348 1925 pugnae
358 1851 439 1906 tristis
449 1869 526 1906 arena
536 1850 612 1906 tuae‘?

68 1909 96 1977 Si
105 1941 162 1979 mos
171 1925 290 1998 antiquis
298 1924 440 1998 placuisset
450 1927 578 1981 matribus
589 1927 667 1989 idem,

103 2016 169 2072 gens
180 2000 323 2056 hominum
333 2001 398 2056 vitio
407 2000 554 2073 deperitura
564 1999 627 2054 fuit:
835 2010 860 2051 ιο

67 2074 168 2147 quique
176 2076 275 2138 iterum
284 2076 378 2132 iaceret
386 2077 490 2149 generis
500 2073 643 2146 primordia
654 2077 734 2126 nostri

103 2149 132 2204 in
143 2167 227 2205 vacuo
238 2149 338 2222 lapides
348 2151 424 2215 orbe,
447 2148 581 2221 parandus
591 2155 654 2199 erat.

65 2214 133 2289 Quis
142 2224 241 2279 Priami
252 2224 373 2298 fregisset
381 2242 458 2297 opes,
479 2223 502 2276 si
517 2238 616 2274 numen
625 2237 754 2291 aquarum

102 2299 174 2354 iusta
183 2307 331 2354 recusasset
338 2299 455 2371 pondera
464 2296 531 2351 terre
542 2293 650 2349 Thetis‘.>

64 2364 114 2428 llia
126 2374 150 2427 si
160 2374 264 2429 tumido
275 2375 396 2449 geminos
406 2374 434 2428 in
444 2379 535 2427 ventre
544 2378 669 2435 necasset,
837 2380 860 2418 t’..

102 2465 216 2504 casurus
226 2449 349 2505 dominae
358 2449 476 2505 conditor
485 2447 564 2502 Urbis
574 2455 637 2500 erat.

65 2521 94 2577 si
104 2523 197 2580 Venus
207 2523 313 2580 Aenean
325 2524 436 2598 gravida
446 2529 597 2577 temerasset
606 2521 634 2573 in
644 2519 711 2581 alvo,

103 2598 263 2653 Caesaribus
272 2599 350 2652 tellus
361 2600 424 2653 orba
433 2597 524 2653 futura
533 2595 595 2652 tuit.
