1770 2992
146 180 178 230 ll
339 184 370 230 P.
390 184 516 231 ovum
533 184 700 233 Nasoms

144 282 195 338 Sed
203 282 251 337 tihi
262 299 310 355 pro
319 283 383 338 tatis
391 283 508 358 insignia
517 283 582 340 iacta
591 284 742 357 placebant:

181 364 308 429 partaque
319 356 441 413 bellando
449 357 533 432 gloria
542 359 628 414 dulcis
639 368 703 414 erat.

143 432 185 485 An
197 430 385 497 tantumdem
394 448 438 486 me
445 448 560 504 caperes,
572 432 626 488 iera
638 433 706 488 bella
715 433 862 504 probabas?

181 521 296 577 cumque
305 522 363 561 mea
372 507 454 577 patria
466 504 524 561 laus
533 515 578 562 tua
590 508 658 562 victa
667 506 751 562 iacet?

91 591 130 633 115
144 581 175 633 Di
186 579 296 634 melius:
316 579 466 652 validoque,
477 596 577 652 precor,
588 582 690 636 vibratu
701 580 796 638 lacerto

182 662 296 708 censeat
304 655 457 709 Hectoreum
466 654 552 710 Pelias
563 656 638 710 hasta
651 655 729 710 latus.

144 729 237 782 Mittite
245 746 296 792 me,
308 729 403 793 Danai;
423 728 562 784 deminum
571 728 776 804 legatamgabot

181 801 317 874 multaque
326 802 456 857 mandatis
466 802 555 860 oscula
564 805 642 859 mista
651 802 743 859 ieram

143 876 207 932 Plus
231 894 279 951 ego
297 894 380 950 quam
404 877 535 946 Phoenix,
559 878 727 1009 plusUlquam
750 877 877 935 facundus

646 970 711 1019 mes,

91 1036 130 1079 lta
181 1024 393 1100 plusegoquam
402 1026 806 1100 Teucri,credite,irateragam‚

143 1100 192 1154 Est
200 1098 310 1172 aliquid,
324 1100 422 1156 collum
431 1101 515 1158 solitis
524 1102 641 1176 tetigisse
649 1101 760 1166 lacertis.

181 1175 377 1245 praesentisque
385 1175 475 1232 corales
485 1176 655 1232 admonuisse
664 1177 717 1232 sui.

144 1248 186 1303 Sis
195 1247 384 1313 lieetimmitis,
394 1249 539 1322 matrisque
548 1249 761 1319 ferociorundie3

182 1332 211 1377 ut
223 1331 331 1389 taceam,
345 1322 460 1378 lacrimis
468 1326 648 1381 comminuere
657 1326 734 1380 meis.

92 1408 130 1450 135
145 1399 224 1454 Nunc
249 1415 357 1473 quoque
380 1399 429 1472 (sic
448 1417 540 1456 omnes
563 1401 658 1456 Peleus
677 1407 751 1472 pater
776 1399 877 1471 impleat

613 1493 707 1539 annos,

182 1545 405 1619 siccatauspiciis
413 1549 533 1634 Pyrrhus
542 1551 571 1603 in
580 1566 653 1604 arma
663 1547 726 1618 tuis)

145 1619 244 1688 respice
253 1619 391 1674 sollicitam
399 1621 527 1686 Briseida,
538 1620 612 1676 fortis
620 1619 737 1675 Achille:

124 1732 132 1745 .
182 1707 230 1745 nec
239 1691 702 1748 miseramlentalerreusursmora.

144 1766 206 1828 Aut,
217 1765 240 1819 si
250 1781 342 1820 versus
352 1781 425 1821 amor
434 1773 497 1820 tuus
504 1773 545 1819 est
552 1765 580 1818 in
590 1762 674 1816 taedia
684 1760 781 1829 nostri3

91 1846 130 1892 lta
181 1836 711 1913 quamsinetecogisvivere,cogamcri.

143 1912 230 1983 thue
240 1911 311 1978 lacis,
323 1930 412 1986 coges3
433 1911 499 1966 abiit
507 1926 655 1982 corpusque
663 1911 796 1984 calorque.

182 1987 298 2042 Sustinet
306 1987 356 2042 hoc
364 1986 462 2042 animi
477 1993 637 2057 spectamen
647 2004 701 2041 una
710 1988 759 2041 tui.

145 2061 202 2127 Qua
217 2060 239 2116 si
250 2061 385 2126 destituar,
398 2067 511 2132 repetam
522 2059 666 2132 iratamque
675 2064 831 2134 virumque:

183 2153 231 2191 nec
239 2136 287 2191 tibi
296 2136 466 2209 magnificam
476 2134 574 2190 semina
583 2135 654 2190 iussa
665 2138 742 2192 mori.

91 2216 131 2262 itt
146 2209 199 2266 Cur
209 2218 296 2265 autem
306 2209 415 2266 iubeas?
433 2209 527 2265 Strietc
533 2218 592 2282 pete
601 2227 708 2283 corpora
719 2210 797 2267 ferro.

182 2286 230 2340 Est
239 2285 315 2352 mihi,
326 2286 374 2357 qui
384 2284 454 2341 fosso
462 2293 563 2355 pectore
572 2286 683 2360 sanguis
692 2293 742 2341 eat.

145 2360 187 2414 Me
195 2368 264 2431 petat
273 2359 317 2414 ille
326 2368 398 2425 tuus,
409 2359 466 2431 qui,
478 2359 500 2413 si
510 2359 557 2413 dea
568 2378 645 2432 passa
654 2359 755 2426 fuisset,

182 2433 253 2488 ensis
263 2434 290 2488 in
300 2434 405 2489 Atridae
413 2442 504 2507 pectus
516 2435 600 2489 iturus
610 2445 673 2490 erat.

147 2509 180 2561 lt
193 2509 279 2578 petius
289 2527 377 2563 serves
386 2516 512 2573 nostram,
525 2517 568 2564 tua
582 2528 702 2575 munera,
714 2511 805 2564 vitam.

94 2593 131 2634 150
183 2583 257 2652 Quod
266 2582 374 2638 dederas
383 2584 451 2639 hosti
461 2585 552 2648 victor,
564 2587 646 2640 amica
658 2603 729 2658 rogo.

135 2658 253 2712 Perdere
260 2675 329 2730 quos
339 2659 437 2715 melius
446 2661 542 2735 possis,
553 2662 685 2734 Neptunia
695 2659 819 2730 praebent

269 2910 377 2938 A
