1770 2992
117 177 166 231 298
316 180 345 224 1².
365 176 493 224 ovum
511 176 682 223 NASONIS

118 283 149 337 ni
161 279 274 346 melius,
295 295 377 351 quam
384 294 436 332 nos
447 293 604 332 moneamus
612 275 679 333 talia
688 295 824 352 quemque

64 365 103 411 444
156 355 190 411 Ut
198 352 316 427 prosint,
337 370 391 407 non
401 358 466 406 sunt
478 350 639 423 experienda
650 359 754 409 tamen.

118 432 211 486 Hortor
220 437 255 493 44,
275 435 307 484 ut
315 426 412 498 pariter
423 425 502 482 binas
511 425 631 480 habeatis
640 427 754 483 amicas.

154 504 257 560 Fortior
266 509 314 568 est,
335 500 426 573 plures
435 499 459 555 si
471 500 534 573 quis
547 498 646 555 hahere
656 509 754 574 potest.

119 579 193 634 Secta
202 578 326 650 bipartito
335 593 422 648 quum
432 592 508 630 mens
518 574 645 630 discurrit
652 585 782 650 utroque;

157 653 264 708 alterius
274 652 344 706 vires
353 649 485 705 subtrahit
496 648 562 704 alter
574 667 659 707 emor.

66 737 104 783 444
120 726 236 784 Grandia
245 742 293 797 per
304 724 403 780 multos
413 731 556 780 tenuantur
565 722 680 782 flumina
689 727 769 791 rivos,

157 816 308 874 magnaque
317 798 449 854 subducto
458 799 547 871 stipite
556 797 664 855 4144444444
674 803 753 872 perit.

120 879 179 933 Non
189 875 253 929 44444
262 892 317 929 una
327 881 396 928 tenet
404 881 503 929 ceratas
513 889 608 930 ancora
618 891 740 947 puppes:

158 967 206 1004 nec
215 949 279 1005 44444
288 955 328 1004 est
338 947 448 1021 liquidis
458 948 664 1004 unicushamus
673 952 762 1023 aquis.

121 1023 174 1092 Qui
183 1024 237 1080 sihi
247 1023 405 1095 iampridem
416 1022 508 1080 solatia
518 1022 580 1078 bina
590 1026 707 1095 paravit,

67 1109 105 1155 444
157 1098 315 1171 iampridem
325 1115 432 1154 summa
442 1097 563 1154 victorin
575 1115 635 1153 arce
645 1098 707 1156 luit.

121 1173 224 1240 44444144,
245 1174 294 1247 qui
304 1172 392 1229 lueres
401 1172 525 1229 dominae
534 1172 604 1228 male
612 1173 731 1231 creditus
739 1176 792 1240 uni,

158 1265 231 1304 nune
240 1248 333 1304 saltem
344 1265 430 1304 novus
440 1256 480 1302 444
489 1248 669 1304 4444444441444
679 1268 763 1306 amor.

121 1324 264 1395 Pasiphaes
273 1324 359 1379 Minos
370 1325 398 1377 in
408 1323 529 1378 Procride
539 1323 656 1395 prodidit
667 1325 758 1400 ignea:

15 1390 20 1408 '
158 1400 237 1454 cessit
245 1399 279 1454 414
288 1399 364 1453 141444
373 1399 485 1470 coniuge
494 1397 565 1453 victa
576 1398 659 1470 prior.

68 1483 106 1529 444
120 1473 290 1546 Amphilochi
301 1472 379 1529 444444
388 1490 422 1528 ne
432 1471 547 1546 Phegida
556 1490 662 1546 semper
671 1483 778 1539 44444444,

160 1548 290 1604 Callirhoie'
299 1548 359 1604 iecit
368 1556 441 1619 parte
450 1555 552 1619 recepta
565 1548 626 1603 tori.
701 1582 702 1586 κ

122 1624 156 1678 Et
165 1624 243 1679 Parin
252 1622 359 1680 Oenone
367 1640 488 1678 summos
497 1622 625 1677 tenuisset
633 1623 668 1678 441
676 1643 770 1690 annos,

160 1700 183 1753 si
194 1716 247 1755 non
257 1697 364 1754 Oebalia
374 1697 467 1771 pellice
475 1696 545 1752 14444
555 1695 628 1752 44444.

122 1773 250 1846 Coniugis
261 1772 375 1847 Odrysio
383 1773 527 1845 placuisset
535 1769 620 1826 4444444
629 1779 758 1846 tyranno:

69 1856 107 1904 444
160 1847 206 1901 4441
216 1845 308 1903 molior
317 1847 423 1902 clausae
432 1846 515 1904 444444
525 1847 622 1903 4444444
635 1855 700 1902 arat.

122 1921 194 1989 Quid
204 1938 292 1976 moror
300 1920 440 1993 exemplis.
460 1939 575 1994 quorum
588 1922 721 1979 meturha
731 1917 824 1995 latigatl

160 1996 314 2052 Successore
324 2013 392 2052 novo
401 1999 517 2051 vincitur
526 1997 614 2052 omnis
624 2013 710 2052 amor.

123 2073 230 2129 Parcius
239 2088 254 2126 e
263 2069 356 2126 multis
365 2078 447 2126 mater
458 2070 588 2126 desiderat
597 2089 694 2137 unum,

160 2165 242 2222 quam
253 2145 396 2221 qnaeflens
406 2145 516 2211 41444444,
537 2147 578 2201 Tu
586 2146 655 2201 mihi
665 2145 741 2202 solus
751 2161 813 2200 4444.

70 2233 108 2280 444
122 2226 157 2280 Ε4
166 2242 199 2280 ne
208 2223 274 2281 forte
282 2230 359 2296 putes
370 2239 438 2278 nova
448 2239 491 2277 4444
501 2221 548 2275 44144
558 2220 670 2276 condere
679 2222 753 2277 iura:

160 2300 248 2372 (atqua
257 2299 361 2354 utinam
370 2296 472 2353 inventi
480 2295 564 2382 gloria
574 2303 664 2351 nostre
674 2295 764 2370 444441)

123 2372 190 2427 vidit
201 2371 229 2426 id
237 2371 355 2428 Atrides:
376 2371 443 2445 quid
452 2388 525 2426 4444444
534 2387 588 2426 non
598 2369 643 2426 4114
652 2371 763 2439 videret,

161 2447 239 2500 cuius
248 2446 277 2501 in
287 2446 396 2501 arbitrio
406 2446 514 2502 Graecia
524 2453 576 2501 tote
587 2443 657 2500 fuit?

123 2521 205 2576 Marte
214 2519 264 2574 suo
272 2527 375 2591 captam
386 2520 532 2594 Chryseida
541 2521 625 2576 victor
638 2521 758 2577 amabat:

72 2602 109 2648 444
161 2601 187 2649 at
195 2593 283 2649 senior
293 2591 372 2647 stulte
381 2592 459 2649 4141444
469 2594 569 2666 ubique
580 2612 686 2666 parens.

115 2669 333 2741 Ourillecrirnas,
354 2669 557 2730 odiososenex‘l
581 2671 657 2724 144444
664 2667 824 2740 4444444414,
