1770 2992
132 145 180 195 488
318 147 348 192 P.
370 146 496 195 0v11>11
514 147 680 193 NASONIS

131 252 269 305 Formosas
277 247 371 319 Superi
382 253 505 303 metuunt
512 245 643 303 offendere
655 246 732 302 laesi:

168 321 337 395 atqueultro,
359 339 465 394 quaese
475 339 529 376 non
539 321 660 387 timuere,
682 322 782 377 timent.

130 400 163 454 Et
173 397 317 470 quisquam
326 397 370 469 pia
381 404 439 451 lura
449 395 513 451 locis
523 396 658 467 imponere
668 396 760 451 curat‘?

168 473 242 529 Certe
251 471 313 544 plus
323 471 406 526 animi
419 470 496 526 debet
504 471 592 526 inesse
600 470 676 526 viris.

78 562 103 604 35
131 549 229 620 Iupiter
239 548 302 620 igne
314 563 364 601 suo
375 544 448 601 lueos
459 543 589 600 iaculatur
598 551 624 599 et
633 562 714 610 arces,

168 624 304 694 missaque
313 621 432 691 periuras
443 619 492 674 tela
506 618 583 674 ferire
595 626 674 675 vetat.

132 700 307 754 Totmeruere
315 695 384 765 peti:
405 694 507 749 Semele
519 693 680 749 miserabilis
690 695 767 750 arsit:

169 770 255 828 olfieio
264 776 303 823 est
313 768 352 822 illi
361 786 445 841 poena
455 777 555 840 reperta
564 787 623 824 suo.

132 846 166 902 At
177 846 201 900 si
211 850 323 900 ventum
332 861 360 898 se
370 843 543 898 subduxisset
556 844 666 909 amanti,

79 930 104 976 lo
170 937 223 975 non
232 926 307 989 pater
316 917 344 973 in
356 919 458 973 Baccho
468 919 560 973 matris
570 918 679 974 haberet
687 936 763 974 onus.

131 993 202 1061 Quid
212 1009 317 1065 queror,
338 1000 364 1048 et
372 993 419 1048 toli
429 991 495 1048 facio
507 993 627 1050 convicia
637 991 727 1048 eoelo‘l

167 1069 199 1123 Di
218 1064 325 1140 quodue
344 1067 442 1123 habent
469 1066 574 1123 oeulos:
603 1067 631 1196 (lili
653 1085 759 1140 quoque
781 1085 810 1139 pe

627 1143 715 1198 abent.

131 1217 159 1272 Si
169 1216 234 1272 deus
244 1217 301 1288 ipse
309 1216 401 1281 forem,
422 1232 522 1270 numen
532 1215 591 1270 sine
600 1215 693 1273 fraude
703 1216 791 1272 lieeret

169 1290 266 1346 femina
276 1290 395 1347 mendaci
407 1288 506 1344 falleret
514 1307 559 1344 ore
568 1307 669 1347 meum.

78 1375 103 1421 45
132 1369 191 1438 Ipse
199 1384 247 1440 ego
257 1367 371 1422 iurarem
385 1383 478 1422 verum
487 1365 589 1419 iurasse
598 1366 716 1436 puellas,

169 1451 194 1496 et
203 1460 256 1496 non
266 1441 298 1496 de
308 1441 405 1496 tetricis
415 1440 515 1495 dicerer
523 1457 581 1494 esse
589 1440 666 1495 deus.

133 1519 173 1572 Tu
186 1525 273 1571 tamen
284 1517 390 1573 illorum
400 1515 561 1572 moderatius
570 1522 644 1569 utere
653 1514 733 1580 dene,

169 1599 214 1646 aut
223 1590 307 1646 oculis
316 1600 384 1646 uerte
392 1609 479 1662 parce,
498 1588 597 1662 puella,
619 1588 698 1644 meis.
734 1604 736 1611 ⁴

332 1767 571 1824 ELEGIA
616 1767 677 1819 lv.

132 1879 211 1943 Dure
219 1885 270 1950 vir,
290 1885 414 1957 imposito
426 1893 528 1941 tenerae
537 1883 645 1940 custode
656 1884 771 1956 puellae,

169 1959 208 2016 nil
219 1960 288 2033 agis3
310 1960 417 2032 ingenio
427 1978 549 2032 quaeque
558 1958 656 2015 tuenda
666 1978 716 2015 suo
725 1968 775 2015 est.

132 2036 161 2090 Si
170 2053 223 2108 qua
232 2042 303 2091 metu
314 2034 401 2089 demto
409 2041 480 2089 casta
492 2043 540 2101 est,
561 2053 591 2089 ea
601 2034 717 2106 denique
725 2043 810 2090 casta«

170 2127 247 2183 quae,
268 2110 395 2182 quianon
406 2109 490 2175 liceat,
512 2128 565 2166 non
576 2109 650 2176 lacit;
672 2109 719 2163 illa
732 2109 803 2164 lauit.

80 2201 90 2240 5
132 2185 166 2240 Ut
175 2185 228 2241 iam
239 2185 353 2240 servaris
361 2186 428 2241 hene
439 2202 544 2256 eorpus,
565 2183 682 2239 adultera
694 2200 769 2238 mens
780 2201 808 2237 es

170 2277 218 2314 nee
229 2261 364 2327 custodiri,
387 2261 413 2315 ni
424 2260 496 2326 velit,
517 2258 572 2315 ulla
581 2266 676 2330 potest.

132 2336 309 2390 Neomenlem
324 2343 519 2407 servarepotes‚
540 2333 599 2388 licet
608 2333 698 2390 omnia
708 2331 810 2387 claudas

44 2408 52 2417 ’
170 2408 302 2464 Omnibus
313 2409 437 2474 exclusis,
450 2410 531 2479 ,intus
542 2408 644 2463 adulter
653 2407 710 2461 erit.

134 2485 183 2541 Cui
193 2500 298 2556 peecare
308 2482 375 2547 licet,
398 2492 486 2554 peccat
495 2485 595 2537 minus.
624 2484 808 2553 lpsapolestas

81 2571 105 2613 lu
171 2559 272 2613 semina
282 2556 415 2629 nequitiae
425 2557 590 2631 languidiora
600 2556 668 2612 lacit.

129 2635 234 2700 Desine,
258 2632 420 2702 credemihi,
440 2631 752 2691 villuirritaremlandu·¹

56 1835 110 1894 ’β
