1770 2992
112 152 143 205 ra
304 154 334 199 P.
357 152 483 199 ovum
501 130 665 200 ursonis

57 271 81 312 55
107 256 205 310 scilieet
214 262 252 320 ut,
263 254 387 326 quemvis
395 253 501 309 veniam
512 253 607 318 doute,
618 250 745 324 repellar;

147 338 172 385 et
181 346 285 384 meeum
295 327 391 402 fugias,
403 344 472 400 quae
481 327 529 383 tibi
538 326 643 391 dautur,
653 343 727 398 opes.

110 403 268 471 Quinetiam
280 402 350 459 fama
360 410 408 467 est,
420 419 505 474 quum
514 401 627 456 crastina
637 400 741 456 fulserit
752 401 814 466 Eos,

147 487 171 532 te
180 478 242 533 dare
252 476 380 533 nubiferis
391 476 459 530 linea
468 475 526 531 vela
535 475 620 530 Notis.

110 552 187 619 Quod
196 551 282 607 eoelua
291 558 321 606 ut
329 549 439 622 pavidas
448 550 559 604 miserae
568 549 752 622 mihioontigit
760 566 846 614 auree,

57 641 81 683 oa
146 627 285 700 sanguinis
295 632 373 696 atque
383 624 466 679 animi
475 632 566 696 peetus
574 623 653 678 inane
663 622 721 677 fuit.

110 703 177 757 Ibis:
199 699 382 756 etomiseram
390 699 435 753 oui
444 715 496 764 me,
506 697 629 762 violente,
640 696 794 769 relinques?
855 740 859 748 .

147 775 213 841 Quia
225 774 292 829 mihi
301 773 417 828 desertae
426 773 491 827 mite
500 771 620 827 levamen
633 770 701 826 erit?

109 851 220 905 Devorer
230 856 299 914 ante,
310 847 509 918 preoor‚'subito
520 845 621 900 telluris
631 845 715 912 hiatu,

147 930 192 978 aut
201 921 280 977 rutilo
288 921 364 976 missi
373 919 494 976 fulminis
504 921 565 994 igue
574 937 687 976 cremer:

57 1012 81 1054 ea
108 1015 190 1072 quam
199 997 258 1052 sine
266 994 419 1051 mePhthiis
429 1002 567 1050 canescant
576 1011 690 1068 aequora
699 997 790 1063 remis,

146 1079 171 1126 et
180 1071 283 1127 videam
293 1086 397 1143 puppes
407 1070 445 1124 ire
454 1069 542 1126 relicta
551 1076 620 1125 tuas.

110 1147 137 1203 Si
148 1146 197 1201 tihi
206 1145 259 1201 iam
268 1145 420 1216 reditusque
429 1143 541 1216 plaoeut,
552 1144 684 1217 patriique
691 1145 813 1216 Penateo3

147 1239 200 1277 uon
210 1237 258 1295 ego
270 1237 332 1274 sum
341 1218 418 1273 classi
428 1219 532 1275 sarcina
540 1237 637 1293 magna
647 1226 716 1275 tuae.

109 1298 240 1351 Victorem
248 1295 350 1368 captiva
360 1311 465 1366 sequar,
477 1312 530 1350 non
541 1303 622 1365 nupta
632 1294 768 1349 maritum.

56 1382 82 1425 to
145 1373 193 1426 Est
203 1371 279 1437 mihi,
290 1386 359 1444 quae
368 1367 442 1426 leuas
453 1369 562 1435 molliat,
574 1377 633 1441 apta
643 1387 749 1424 manus.

109 1444 606 1520 Interdohaiadaelongepuloherrima
614 1452 710 1498 matres

146 1523 175 1576 iu
185 1521 313 1577 thalamos
323 1521 420 1576 ooniux
429 1522 487 1588 ibit,
499 1529 600 1592 eatque,
611 1527 685 1573 tuos:

110 1596 191 1668 digua
200 1612 285 1649 nurus
295 1611 391 1657 soeero,
403 1596 473 1649 lovis
482 1594 651 1666 Aeginaeque
660 1599 764 1658 nepote;

146 1667 243 1738 cuique
252 1667 442 1720 senexNereus
450 1681 572 1736 prosocer
580 1679 638 1716 esse
648 1661 724 1714 velit:

56 1754 82 1796 75
110 1760 158 1797 nos
167 1739 284 1795 humiles
292 1736 458 1810 famulaeque
467 1744 527 1791 tuae
536 1738 595 1792 data
602 1749 686 1804 pensa
694 1731 847 1795 trahemus:

146 1822 172 1869 et
180 1813 301 1868 minuent
309 1811 400 1884 plenae
410 1811 523 1866 stamina
533 1813 621 1862 nostra
630 1805 710 1861 oolos.

109 1888 230 1962 Exagitet
238 1905 271 1942 ne
280 1892 322 1941 me'
332 1893 435 1941 tautum
444 1892 498 1950 tua,
509 1882 640 1953 depredari,
652 1898 729 1948 uxor,

147 1962 291 2035 quaemihi
302 1960 388 2015 nascio
397 1974 517 2031 quouon
528 1955 576 2010 erit
585 1973 668 2028 aequa
677 1957 768 2013 modo:

110 2055 175 2092 neve
184 2054 256 2091 meos
265 2052 352 2090 coram
361 2033 446 2089 scindi
457 2032 556 2105 patiare
566 2031 688 2103 capillos:

56 2124 81 2165 80
145 2120 171 2166 et
183 2112 273 2166 leviter
282 2110 367 2165 dica's:
388 2109 456 2163 Haeo
465 2124 571 2180 quoque
583 2103 738 2162 nostrafuit.

109 2186 156 2243 Vel
168 2187 266 2257 patiare
276 2184 348 2252 lioet;
369 2183 434 2238 dum
444 2189 615 2238 neoontemta
625 2179 768 2253 relinquar.

146 2262 194 2315 Hic
204 2259 271 2314 mihi
280 2276 328 2314 vae
338 2258 449 2314 miserae
459 2257 574 2313 oouautit
583 2274 642 2312 ossa
652 2264 747 2311 metue.

110 2335 181 2402 Quid
190 2344 277 2390 tamen
287 2331 439 2406 exspectas?
451 2333 649 2407 Agamemnona
658 2332 772 2401 poenitet
780 2330 845 2401 irae,

147 2418 172 2464 et
181 2411 246 2465 iacet
255 2416 314 2464 ante
322 2418 381 2464 tuos
391 2408 498 2464 Graecia
508 2415 606 2462 moesta
615 2406 703 2479 pedes.

40 2494 72 2532 85
103 2485 184 2539 Vince
193 2486 302 2540 aoirrros
309 2484 433 2559 iramque
444 2491 526 2551 tuam,
538 2483 587 2556 qui
595 2488 696 2536 caetera
702 2480 801 2535 uiueia.
815 2524 819 2532 .

121 2557 310 2622 Ouidlaoerat
318 2563 429 2623 Danaas
441 2561 558 2639 impiger
566 2560 666 2615 Reotor
676 2551 757 2625 opea‘t

58 2625 153 2688 A'mss
162 2651 243 2708 cape,
256 2640 392 2714 Aeacide,
410 2643 461 2703 sed
472 2628 842 2702 meamenauteresseutffi

109 2894 228 2922 *n-
