<?xml version="1.0" encoding="UTF-8"?>
<!DOCTYPE html PUBLIC "-//W3C//DTD XHTML 1.0 Transitional//EN"
    "http://www.w3.org/TR/xhtml1/DTD/xhtml1-transitional.dtd">
<html xmlns="http://www.w3.org/1999/xhtml" xml:lang="en" lang="en">
 <head>
  <title>
</title>
<meta http-equiv="Content-Type" content="text/html;charset=utf-8" />
  <meta name='ocr-system' content='tesseract 3.04.00' />
  <meta name='ocr-capabilities' content='ocr_page ocr_carea ocr_par ocr_line ocrx_word'/>
</head>
<body>
  <div class='ocr_page' id='page_1' title='image "./povidiinasoniso00ovidgoog_0253.png"; bbox 0 0 1770 2992; ppageno 0'>
   <div class='ocr_carea' id='block_1_1' title="bbox 117 142 767 330">
    <p class='ocr_par' dir='ltr' id='par_1_1' title="bbox 117 142 767 330">
     <span class='ocr_line' id='line_1_1' title="bbox 117 142 767 204; baseline -0.008 0"><span class='ocrx_word' id='word_1_1' title='bbox 117 150 167 204; x_wconf 78' lang='grc'><strong>111</strong></span> <span class='ocrx_word' id='word_1_2' title='bbox 305 156 333 202; x_wconf 84' lang='lat' dir='ltr'><strong>e.</strong></span> <span class='ocrx_word' id='word_1_3' title='bbox 353 153 480 201; x_wconf 80' lang='lat' dir='ltr'><strong>ournrr</strong></span> <span class='ocrx_word' id='word_1_4' title='bbox 495 154 670 203; x_wconf 74' lang='lat' dir='ltr'><strong>ussurus</strong></span> <span class='ocrx_word' id='word_1_5' title='bbox 765 142 767 147; x_wconf 87' lang='grc'><strong>’</strong></span> 
     </span>
     <span class='ocr_line' id='line_1_2' title="bbox 117 254 754 330; baseline 0 -17"><span class='ocrx_word' id='word_1_6' title='bbox 117 258 180 314; x_wconf 87' lang='lat' dir='ltr'><strong>Este</strong></span> <span class='ocrx_word' id='word_1_7' title='bbox 187 254 293 328; x_wconf 84' lang='lat' dir='ltr'><strong>procul,</strong></span> <span class='ocrx_word' id='word_1_8' title='bbox 313 254 754 330; x_wconf 73' lang='lat' dir='ltr'><strong>litcsetamaraeproelialinguae.</strong></span> 
     </span>
    </p>
   </div>
   <div class='ocr_carea' id='block_1_2' title="bbox 65 328 782 2718">
    <p class='ocr_par' dir='ltr' id='par_1_2' title="bbox 65 328 782 2718">
     <span class='ocr_line' id='line_1_3' title="bbox 154 328 743 387; baseline 0.002 -1"><span class='ocrx_word' id='word_1_9' title='bbox 154 331 283 387; x_wconf 84' lang='lat' dir='ltr'><strong>Dulcibus</strong></span> <span class='ocrx_word' id='word_1_10' title='bbox 292 337 332 386; x_wconf 90' lang='lat' dir='ltr'><strong>est</strong></span> <span class='ocrx_word' id='word_1_11' title='bbox 340 329 429 385; x_wconf 84' lang='lat' dir='ltr'><strong>verbis</strong></span> <span class='ocrx_word' id='word_1_12' title='bbox 438 328 527 386; x_wconf 86' lang='lat' dir='ltr'><strong>mollis</strong></span> <span class='ocrx_word' id='word_1_13' title='bbox 536 329 651 386; x_wconf 85' lang='lat' dir='ltr'><strong>alendus</strong></span> <span class='ocrx_word' id='word_1_14' title='bbox 661 349 743 387; x_wconf 84' lang='lat' dir='ltr'><strong>amor.</strong></span> 
     </span>
     <span class='ocr_line' id='line_1_4' title="bbox 118 404 781 481; baseline -0.005 -19"><span class='ocrx_word' id='word_1_15' title='bbox 118 408 175 463; x_wconf 82' lang='lat' dir='ltr'><strong>Lite</strong></span> <span class='ocrx_word' id='word_1_16' title='bbox 184 406 278 481; x_wconf 77' lang='lat' dir='ltr'><strong>fugant</strong></span> <span class='ocrx_word' id='word_1_17' title='bbox 286 411 437 476; x_wconf 89' lang='lat' dir='ltr'><strong>nuptaeque</strong></span> <span class='ocrx_word' id='word_1_18' title='bbox 446 404 533 470; x_wconf 82' lang='lat' dir='ltr'><strong>viros,</strong></span> <span class='ocrx_word' id='word_1_19' title='bbox 552 412 708 479; x_wconf 71' lang='lat' dir='ltr'>nuptasque</span> <span class='ocrx_word' id='word_1_20' title='bbox 717 406 781 462; x_wconf 83' lang='lat' dir='ltr'><strong>merit</strong></span> 
     </span>
     <span class='ocr_line' id='line_1_5' title="bbox 155 478 757 556; baseline -0.002 -19"><span class='ocrx_word' id='word_1_21' title='bbox 155 484 238 554; x_wconf 88' lang='lat' dir='ltr'><strong>inque</strong></span> <span class='ocrx_word' id='word_1_22' title='bbox 247 481 333 537; x_wconf 82' lang='lat' dir='ltr'><strong>vicem</strong></span> <span class='ocrx_word' id='word_1_23' title='bbox 341 478 452 534; x_wconf 89' lang='lat' dir='ltr'><strong>creduut</strong></span> <span class='ocrx_word' id='word_1_24' title='bbox 459 496 515 533; x_wconf 91' lang='lat' dir='ltr'><strong>rem</strong></span> <span class='ocrx_word' id='word_1_25' title='bbox 526 479 579 534; x_wconf 89' lang='lat' dir='ltr'><strong>sibi</strong></span> <span class='ocrx_word' id='word_1_26' title='bbox 590 496 698 552; x_wconf 86' lang='lat' dir='ltr'><strong>semper</strong></span> <span class='ocrx_word' id='word_1_27' title='bbox 706 481 757 556; x_wconf 83' lang='lat' dir='ltr'><strong>agi.</strong></span> 
     </span>
     <span class='ocr_line' id='line_1_6' title="bbox 65 553 680 612; baseline -0.003 0"><span class='ocrx_word' id='word_1_28' title='bbox 65 570 104 612; x_wconf 92' lang='grc'><strong>155</strong></span> <span class='ocrx_word' id='word_1_29' title='bbox 119 559 173 612; x_wconf 90' lang='lat' dir='ltr'><strong>lloc</strong></span> <span class='ocrx_word' id='word_1_30' title='bbox 182 557 255 612; x_wconf 86' lang='lat' dir='ltr'><strong>decet</strong></span> <span class='ocrx_word' id='word_1_31' title='bbox 264 572 375 612; x_wconf 86' lang='lat' dir='ltr'><strong>uxores:</strong></span> <span class='ocrx_word' id='word_1_32' title='bbox 396 553 444 610; x_wconf 86' lang='lat' dir='ltr'><strong>dos</strong></span> <span class='ocrx_word' id='word_1_33' title='bbox 454 561 494 609; x_wconf 82' lang='lat' dir='ltr'><strong>eet</strong></span> <span class='ocrx_word' id='word_1_34' title='bbox 500 554 598 609; x_wconf 84' lang='lat' dir='ltr'><strong>uxoria</strong></span> <span class='ocrx_word' id='word_1_35' title='bbox 609 555 680 610; x_wconf 89' lang='lat' dir='ltr'><strong>lites.</strong></span> 
     </span>
     <span class='ocr_line' id='line_1_7' title="bbox 157 629 676 702; baseline -0.004 -16"><span class='ocrx_word' id='word_1_36' title='bbox 157 630 255 686; x_wconf 73' lang='lat' dir='ltr'><strong>Audiat</strong></span> <span class='ocrx_word' id='word_1_37' title='bbox 263 638 364 702; x_wconf 87' lang='lat' dir='ltr'><strong>optatos</strong></span> <span class='ocrx_word' id='word_1_38' title='bbox 374 645 479 700; x_wconf 84' lang='lat' dir='ltr'><strong>semper</strong></span> <span class='ocrx_word' id='word_1_39' title='bbox 488 629 573 684; x_wconf 84' lang='lat' dir='ltr'><strong>amice</strong></span> <span class='ocrx_word' id='word_1_40' title='bbox 583 647 676 686; x_wconf 85' lang='lat' dir='ltr'><strong>sonos.</strong></span> 
     </span>
     <span class='ocr_line' id='line_1_8' title="bbox 120 703 720 778; baseline -0.002 -17"><span class='ocrx_word' id='word_1_41' title='bbox 120 708 178 761; x_wconf 92' lang='lat' dir='ltr'><strong>Nou</strong></span> <span class='ocrx_word' id='word_1_42' title='bbox 189 704 255 778; x_wconf 77' lang='lat' dir='ltr'><strong>legis</strong></span> <span class='ocrx_word' id='word_1_43' title='bbox 265 706 342 760; x_wconf 88' lang='lat' dir='ltr'><strong>iussu</strong></span> <span class='ocrx_word' id='word_1_44' title='bbox 352 704 449 760; x_wconf 89' lang='lat' dir='ltr'><strong>lectum</strong></span> <span class='ocrx_word' id='word_1_45' title='bbox 458 703 569 759; x_wconf 82' lang='lat' dir='ltr'><strong>venietis</strong></span> <span class='ocrx_word' id='word_1_46' title='bbox 579 704 608 759; x_wconf 92' lang='lat' dir='ltr'><strong>in</strong></span> <span class='ocrx_word' id='word_1_47' title='bbox 617 721 720 760; x_wconf 89' lang='lat' dir='ltr'><strong>unum:</strong></span> 
     </span>
     <span class='ocr_line' id='line_1_9' title="bbox 157 777 699 853; baseline 0.004 -19"><span class='ocrx_word' id='word_1_48' title='bbox 157 779 279 851; x_wconf 78' lang='lat' dir='ltr'><strong>iungitur</strong></span> <span class='ocrx_word' id='word_1_49' title='bbox 289 781 318 834; x_wconf 92' lang='lat' dir='ltr'><strong>in</strong></span> <span class='ocrx_word' id='word_1_50' title='bbox 327 779 404 836; x_wconf 84' lang='lat' dir='ltr'><strong>vobis</strong></span> <span class='ocrx_word' id='word_1_51' title='bbox 415 795 525 834; x_wconf 87' lang='lat' dir='ltr'><strong>munere</strong></span> <span class='ocrx_word' id='word_1_52' title='bbox 534 777 602 853; x_wconf 78' lang='lat' dir='ltr'><strong>legis</strong></span> <span class='ocrx_word' id='word_1_53' title='bbox 612 796 699 836; x_wconf 88' lang='lat' dir='ltr'><strong>amor.</strong></span> 
     </span>
     <span class='ocr_line' id='line_1_10' title="bbox 120 853 752 924; baseline 0.003 -16"><span class='ocrx_word' id='word_1_54' title='bbox 120 853 264 909; x_wconf 82' lang='lat' dir='ltr'><strong>Blanditias</strong></span> <span class='ocrx_word' id='word_1_55' title='bbox 274 853 381 920; x_wconf 86' lang='lat' dir='ltr'><strong>molles,</strong></span> <span class='ocrx_word' id='word_1_56' title='bbox 402 854 752 924; x_wconf 78' lang='lat' dir='ltr'><strong>auresqueiuveutieverba</strong></span> 
     </span>
     <span class='ocr_line' id='line_1_11' title="bbox 68 926 659 1000; baseline 0.003 -16"><span class='ocrx_word' id='word_1_57' title='bbox 68 942 105 985; x_wconf 85' lang='grc'><strong>151</strong></span> <span class='ocrx_word' id='word_1_58' title='bbox 156 927 229 993; x_wconf 81' lang='lat' dir='ltr'><strong>oller,</strong></span> <span class='ocrx_word' id='word_1_59' title='bbox 249 936 280 984; x_wconf 91' lang='lat' dir='ltr'><strong>ut</strong></span> <span class='ocrx_word' id='word_1_60' title='bbox 289 927 403 983; x_wconf 88' lang='lat' dir='ltr'><strong>adventu</strong></span> <span class='ocrx_word' id='word_1_61' title='bbox 413 926 479 983; x_wconf 86' lang='lat' dir='ltr'><strong>laeta</strong></span> <span class='ocrx_word' id='word_1_62' title='bbox 488 928 523 983; x_wconf 90' lang='lat' dir='ltr'><strong>sit</strong></span> <span class='ocrx_word' id='word_1_63' title='bbox 532 928 591 1000; x_wconf 86' lang='lat' dir='ltr'><strong>ipsa</strong></span> <span class='ocrx_word' id='word_1_64' title='bbox 600 935 659 986; x_wconf 87' lang='lat' dir='ltr'><strong>tuo.</strong></span> 
     </span>
     <span class='ocr_line' id='line_1_12' title="bbox 120 1003 751 1076; baseline 0.002 -19"><span class='ocrx_word' id='word_1_65' title='bbox 120 1003 178 1058; x_wconf 90' lang='lat' dir='ltr'><strong>Nou</strong></span> <span class='ocrx_word' id='word_1_66' title='bbox 189 1019 237 1076; x_wconf 80' lang='lat' dir='ltr'><strong>ego</strong></span> <span class='ocrx_word' id='word_1_67' title='bbox 246 1003 375 1060; x_wconf 89' lang='lat' dir='ltr'><strong>divitibus</strong></span> <span class='ocrx_word' id='word_1_68' title='bbox 385 1003 462 1058; x_wconf 85' lang='lat' dir='ltr'><strong>venio</strong></span> <span class='ocrx_word' id='word_1_69' title='bbox 470 1010 623 1076; x_wconf 83' lang='lat' dir='ltr'><strong>praceeptor</strong></span> <span class='ocrx_word' id='word_1_70' title='bbox 632 1003 751 1058; x_wconf 83' lang='lat' dir='ltr'><strong>amandi.</strong></span> 
     </span>
     <span class='ocr_line' id='line_1_13' title="bbox 157 1076 710 1150; baseline -0.002 -15"><span class='ocrx_word' id='word_1_71' title='bbox 157 1076 201 1135; x_wconf 87' lang='lat' dir='ltr'><strong>Nil</strong></span> <span class='ocrx_word' id='word_1_72' title='bbox 211 1095 279 1150; x_wconf 91' lang='lat' dir='ltr'><strong>opus</strong></span> <span class='ocrx_word' id='word_1_73' title='bbox 287 1086 328 1133; x_wconf 83' lang='lat' dir='ltr'><strong>est</strong></span> <span class='ocrx_word' id='word_1_74' title='bbox 337 1077 389 1142; x_wconf 78' lang='lat' dir='ltr'><strong>illi,</strong></span> <span class='ocrx_word' id='word_1_75' title='bbox 410 1077 458 1148; x_wconf 92' lang='lat' dir='ltr'><strong>qui</strong></span> <span class='ocrx_word' id='word_1_76' title='bbox 467 1077 553 1144; x_wconf 81' lang='lat' dir='ltr'><strong>dabit,</strong></span> <span class='ocrx_word' id='word_1_77' title='bbox 575 1085 630 1133; x_wconf 83' lang='lat' dir='ltr'><strong>arte</strong></span> <span class='ocrx_word' id='word_1_78' title='bbox 640 1095 710 1135; x_wconf 88' lang='lat' dir='ltr'><strong>mea.</strong></span> 
     </span>
     <span class='ocr_line' id='line_1_14' title="bbox 121 1152 781 1281; baseline -0.005 -73"><span class='ocrx_word' id='word_1_79' title='bbox 121 1152 216 1209; x_wconf 90' lang='lat' dir='ltr'><strong>Secum</strong></span> <span class='ocrx_word' id='word_1_80' title='bbox 226 1152 305 1209; x_wconf 87' lang='lat' dir='ltr'><strong>habet</strong></span> <span class='ocrx_word' id='word_1_81' title='bbox 313 1152 468 1227; x_wconf 77' lang='lat' dir='ltr'><strong>ingenium,</strong></span> <span class='ocrx_word' id='word_1_82' title='bbox 489 1152 547 1224; x_wconf 88' lang='lat' dir='ltr'><strong>qui,</strong></span> <span class='ocrx_word' id='word_1_83' title='bbox 567 1169 656 1281; x_wconf 49' lang='lat' dir='ltr'><strong>qudrm</strong></span> <span class='ocrx_word' id='word_1_84' title='bbox 665 1152 738 1219; x_wconf 88' lang='lat' dir='ltr'><strong>libet,</strong></span> <span class='ocrx_word' id='word_1_85' title='bbox 757 1152 781 1208; x_wconf 78' lang='lat' dir='ltr'><strong>Ar</strong></span> 
     </span>
     <span class='ocr_line' id='line_1_15' title="bbox 618 1227 674 1282; baseline 0.036 -2"><span class='ocrx_word' id='word_1_86' title='bbox 618 1227 674 1282; x_wconf 93' lang='lat' dir='ltr'><strong>icit.</strong></span> 
     </span>
     <span class='ocr_line' id='line_1_16' title="bbox 159 1300 740 1372; baseline -0.003 -13"><span class='ocrx_word' id='word_1_87' title='bbox 159 1301 299 1359; x_wconf 85' lang='lat' dir='ltr'><strong>Cedimus:</strong></span> <span class='ocrx_word' id='word_1_88' title='bbox 320 1300 435 1356; x_wconf 87' lang='lat' dir='ltr'><strong>inventis</strong></span> <span class='ocrx_word' id='word_1_89' title='bbox 445 1300 508 1372; x_wconf 87' lang='lat' dir='ltr'><strong>plus</strong></span> <span class='ocrx_word' id='word_1_90' title='bbox 519 1300 740 1357; x_wconf 83' lang='lat' dir='ltr'><strong>hubetillemeis.</strong></span> 
     </span>
     <span class='ocr_line' id='line_1_17' title="bbox 68 1376 781 1449; baseline -0.006 -16"><span class='ocrx_word' id='word_1_91' title='bbox 68 1390 107 1433; x_wconf 88' lang='grc'><strong>155</strong></span> <span class='ocrx_word' id='word_1_92' title='bbox 122 1377 286 1449; x_wconf 86' lang='lat' dir='ltr'><strong>Pauperibus</strong></span> <span class='ocrx_word' id='word_1_93' title='bbox 295 1383 368 1433; x_wconf 82' lang='lat' dir='ltr'><strong>vates</strong></span> <span class='ocrx_word' id='word_1_94' title='bbox 377 1391 426 1448; x_wconf 79' lang='lat' dir='ltr'><strong>ego</strong></span> <span class='ocrx_word' id='word_1_95' title='bbox 434 1392 511 1444; x_wconf 83' lang='lat' dir='ltr'><strong>sum;</strong></span> <span class='ocrx_word' id='word_1_96' title='bbox 531 1376 596 1446; x_wconf 90' lang='lat' dir='ltr'><strong>quia</strong></span> <span class='ocrx_word' id='word_1_97' title='bbox 605 1393 708 1448; x_wconf 85' lang='lat' dir='ltr'><strong>pauper</strong></span> <span class='ocrx_word' id='word_1_98' title='bbox 716 1394 781 1432; x_wconf 85' lang='lat' dir='ltr'><strong>amar</strong></span> 
     </span>
     <span class='ocr_line' id='line_1_18' title="bbox 159 1451 781 1522; baseline -0.002 -15"><span class='ocrx_word' id='word_1_99' title='bbox 159 1452 250 1519; x_wconf 85' lang='lat' dir='ltr'><strong>Quum</strong></span> <span class='ocrx_word' id='word_1_100' title='bbox 259 1451 321 1507; x_wconf 87' lang='lat' dir='ltr'><strong>dare</strong></span> <span class='ocrx_word' id='word_1_101' title='bbox 330 1468 383 1506; x_wconf 90' lang='lat' dir='ltr'><strong>uon</strong></span> <span class='ocrx_word' id='word_1_102' title='bbox 393 1466 498 1522; x_wconf 88' lang='lat' dir='ltr'><strong>possem</strong></span> <span class='ocrx_word' id='word_1_103' title='bbox 507 1467 634 1516; x_wconf 86' lang='lat' dir='ltr'><strong>munera,</strong></span> <span class='ocrx_word' id='word_1_104' title='bbox 655 1451 737 1506; x_wconf 87' lang='lat' dir='ltr'><strong>verba</strong></span> <span class='ocrx_word' id='word_1_105' title='bbox 745 1451 781 1506; x_wconf 85' lang='lat' dir='ltr'><strong>del</strong></span> 
     </span>
     <span class='ocr_line' id='line_1_19' title="bbox 121 1524 781 1599; baseline -0.005 -17"><span class='ocrx_word' id='word_1_106' title='bbox 121 1530 225 1599; x_wconf 83' lang='lat' dir='ltr'><strong>Pauper</strong></span> <span class='ocrx_word' id='word_1_107' title='bbox 234 1535 304 1582; x_wconf 86' lang='lat' dir='ltr'><strong>eruet</strong></span> <span class='ocrx_word' id='word_1_108' title='bbox 312 1533 400 1581; x_wconf 85' lang='lat' dir='ltr'><strong>caute:</strong></span> <span class='ocrx_word' id='word_1_109' title='bbox 422 1525 513 1579; x_wconf 87' lang='lat' dir='ltr'><strong>timeat</strong></span> <span class='ocrx_word' id='word_1_110' title='bbox 522 1524 680 1580; x_wconf 86' lang='lat' dir='ltr'><strong>maledicere</strong></span> <span class='ocrx_word' id='word_1_111' title='bbox 688 1543 781 1599; x_wconf 80' lang='lat' dir='ltr'><strong>pauper</strong></span> 
     </span>
     <span class='ocr_line' id='line_1_20' title="bbox 159 1599 723 1673; baseline -0.004 -16"><span class='ocrx_word' id='word_1_112' title='bbox 159 1601 298 1673; x_wconf 89' lang='lat' dir='ltr'><strong>multaque</strong></span> <span class='ocrx_word' id='word_1_113' title='bbox 307 1600 436 1657; x_wconf 85' lang='lat' dir='ltr'><strong>divitibus</strong></span> <span class='ocrx_word' id='word_1_114' title='bbox 446 1617 499 1654; x_wconf 90' lang='lat' dir='ltr'><strong>uon</strong></span> <span class='ocrx_word' id='word_1_115' title='bbox 509 1599 634 1671; x_wconf 84' lang='lat' dir='ltr'><strong>patienda</strong></span> <span class='ocrx_word' id='word_1_116' title='bbox 647 1600 723 1657; x_wconf 85' lang='lat' dir='ltr'><strong>leret.</strong></span> 
     </span>
     <span class='ocr_line' id='line_1_21' title="bbox 122 1674 781 1747; baseline -0.003 -16"><span class='ocrx_word' id='word_1_117' title='bbox 122 1677 164 1731; x_wconf 84' lang='lat' dir='ltr'><strong>lle</strong></span> <span class='ocrx_word' id='word_1_118' title='bbox 173 1677 271 1731; x_wconf 88' lang='lat' dir='ltr'><strong>iratum</strong></span> <span class='ocrx_word' id='word_1_119' title='bbox 282 1675 393 1730; x_wconf 86' lang='lat' dir='ltr'><strong>memini</strong></span> <span class='ocrx_word' id='word_1_120' title='bbox 402 1674 525 1731; x_wconf 85' lang='lat' dir='ltr'><strong>dominae</strong></span> <span class='ocrx_word' id='word_1_121' title='bbox 533 1676 656 1730; x_wconf 81' lang='lat' dir='ltr'><strong>turbasse</strong></span> <span class='ocrx_word' id='word_1_122' title='bbox 665 1675 781 1747; x_wconf 79' lang='lat' dir='ltr'><strong>capillos:</strong></span> 
     </span>
     <span class='ocr_line' id='line_1_22' title="bbox 69 1748 752 1821; baseline 0 -17"><span class='ocrx_word' id='word_1_123' title='bbox 69 1761 108 1804; x_wconf 79' lang='lat' dir='ltr'><strong>rto</strong></span> <span class='ocrx_word' id='word_1_124' title='bbox 160 1751 224 1804; x_wconf 90' lang='lat' dir='ltr'><strong>haec</strong></span> <span class='ocrx_word' id='word_1_125' title='bbox 233 1751 393 1821; x_wconf 86' lang='lat' dir='ltr'><strong>mihiquem</strong></span> <span class='ocrx_word' id='word_1_126' title='bbox 402 1748 501 1804; x_wconf 86' lang='lat' dir='ltr'><strong>multos</strong></span> <span class='ocrx_word' id='word_1_127' title='bbox 513 1748 623 1805; x_wconf 86' lang='lat' dir='ltr'><strong>abstulit</strong></span> <span class='ocrx_word' id='word_1_128' title='bbox 631 1749 672 1805; x_wconf 86' lang='lat' dir='ltr'><strong>ira</strong></span> <span class='ocrx_word' id='word_1_129' title='bbox 681 1751 752 1807; x_wconf 87' lang='lat' dir='ltr'><strong>diesl</strong></span> 
     </span>
     <span class='ocr_line' id='line_1_23' title="bbox 123 1823 781 1897; baseline 0.002 -19"><span class='ocrx_word' id='word_1_130' title='bbox 123 1825 176 1879; x_wconf 89' lang='lat' dir='ltr'><strong>Nec</strong></span> <span class='ocrx_word' id='word_1_131' title='bbox 185 1831 259 1895; x_wconf 85' lang='lat' dir='ltr'><strong>puto,</strong></span> <span class='ocrx_word' id='word_1_132' title='bbox 280 1824 410 1878; x_wconf 86' lang='lat' dir='ltr'><strong>ueceeusi</strong></span> <span class='ocrx_word' id='word_1_133' title='bbox 423 1824 540 1879; x_wconf 88' lang='lat' dir='ltr'><strong>tunicam</strong></span> <span class='ocrx_word' id='word_1_134' title='bbox 552 1823 681 1894; x_wconf 86' lang='lat' dir='ltr'><strong>laniasse;</strong></span> <span class='ocrx_word' id='word_1_135' title='bbox 702 1826 748 1882; x_wconf 83' lang='lat' dir='ltr'><strong>sed</strong></span> <span class='ocrx_word' id='word_1_136' title='bbox 756 1825 781 1897; x_wconf 93' lang='lat' dir='ltr'><strong>ip</strong></span> 
     </span>
     <span class='ocr_line' id='line_1_24' title="bbox 159 1897 723 1969; baseline 0.002 -16"><span class='ocrx_word' id='word_1_137' title='bbox 159 1898 274 1953; x_wconf 83' lang='lat' dir='ltr'><strong>dixerat:</strong></span> <span class='ocrx_word' id='word_1_138' title='bbox 295 1904 321 1952; x_wconf 89' lang='lat' dir='ltr'><strong>et</strong></span> <span class='ocrx_word' id='word_1_139' title='bbox 329 1898 413 1969; x_wconf 89' lang='lat' dir='ltr'><strong>pretio</strong></span> <span class='ocrx_word' id='word_1_140' title='bbox 422 1906 461 1952; x_wconf 89' lang='lat' dir='ltr'><strong>est</strong></span> <span class='ocrx_word' id='word_1_141' title='bbox 471 1897 516 1952; x_wconf 92' lang='lat' dir='ltr'><strong>illa</strong></span> <span class='ocrx_word' id='word_1_142' title='bbox 529 1899 643 1954; x_wconf 80' lang='lat' dir='ltr'><strong>redemta</strong></span> <span class='ocrx_word' id='word_1_143' title='bbox 653 1917 723 1956; x_wconf 89' lang='lat' dir='ltr'><strong>meo.</strong></span> 
     </span>
     <span class='ocr_line' id='line_1_25' title="bbox 123 1972 737 2048; baseline 0.003 -19"><span class='ocrx_word' id='word_1_144' title='bbox 123 1975 157 2029; x_wconf 82' lang='lat' dir='ltr'><strong>At</strong></span> <span class='ocrx_word' id='word_1_145' title='bbox 166 1992 228 2040; x_wconf 81' lang='lat' dir='ltr'><strong>voe,</strong></span> <span class='ocrx_word' id='word_1_146' title='bbox 249 1973 273 2027; x_wconf 89' lang='lat' dir='ltr'><strong>si</strong></span> <span class='ocrx_word' id='word_1_147' title='bbox 283 1972 390 2044; x_wconf 83' lang='lat' dir='ltr'><strong>sapitis,</strong></span> <span class='ocrx_word' id='word_1_148' title='bbox 411 1973 491 2027; x_wconf 86' lang='lat' dir='ltr'><strong>vestri</strong></span> <span class='ocrx_word' id='word_1_149' title='bbox 501 1980 606 2045; x_wconf 87' lang='lat' dir='ltr'><strong>peccata</strong></span> <span class='ocrx_word' id='word_1_150' title='bbox 615 1975 737 2048; x_wconf 84' lang='lat' dir='ltr'><strong>magistri</strong></span> 
     </span>
     <span class='ocr_line' id='line_1_26' title="bbox 160 2045 727 2124; baseline 0 -19"><span class='ocrx_word' id='word_1_151' title='bbox 160 2049 280 2124; x_wconf 82' lang='lat' dir='ltr'><strong>effugite:</strong></span> <span class='ocrx_word' id='word_1_152' title='bbox 301 2045 428 2119; x_wconf 86' lang='lat' dir='ltr'><strong>etculpee</strong></span> <span class='ocrx_word' id='word_1_153' title='bbox 437 2051 535 2103; x_wconf 86' lang='lat' dir='ltr'><strong>damna</strong></span> <span class='ocrx_word' id='word_1_154' title='bbox 544 2048 633 2103; x_wconf 84' lang='lat' dir='ltr'><strong>timete</strong></span> <span class='ocrx_word' id='word_1_155' title='bbox 643 2067 727 2105; x_wconf 88' lang='lat' dir='ltr'><strong>meae.</strong></span> 
     </span>
     <span class='ocr_line' id='line_1_27' title="bbox 70 2122 781 2195; baseline -0.001 -16"><span class='ocrx_word' id='word_1_156' title='bbox 70 2137 109 2179; x_wconf 78' lang='grc'><strong>115</strong></span> <span class='ocrx_word' id='word_1_157' title='bbox 123 2126 224 2182; x_wconf 85' lang='lat' dir='ltr'><strong>Proelia</strong></span> <span class='ocrx_word' id='word_1_158' title='bbox 233 2142 296 2181; x_wconf 90' lang='lat' dir='ltr'><strong>cum</strong></span> <span class='ocrx_word' id='word_1_159' title='bbox 304 2122 424 2191; x_wconf 68' lang='lat' dir='ltr'><strong>Parthis,</strong></span> <span class='ocrx_word' id='word_1_160' title='bbox 444 2140 505 2177; x_wconf 91' lang='lat' dir='ltr'><strong>cum</strong></span> <span class='ocrx_word' id='word_1_161' title='bbox 516 2123 586 2178; x_wconf 86' lang='lat' dir='ltr'><strong>culta</strong></span> <span class='ocrx_word' id='word_1_162' title='bbox 595 2140 648 2195; x_wconf 85' lang='lat' dir='ltr'><strong>pax</strong></span> <span class='ocrx_word' id='word_1_163' title='bbox 658 2124 695 2178; x_wconf 85' lang='lat' dir='ltr'><strong>sit</strong></span> <span class='ocrx_word' id='word_1_164' title='bbox 703 2124 781 2180; x_wconf 83' lang='lat' dir='ltr'><strong>amica</strong></span> 
     </span>
     <span class='ocr_line' id='line_1_28' title="bbox 161 2198 781 2270; baseline -0.005 -13"><span class='ocrx_word' id='word_1_165' title='bbox 161 2209 186 2256; x_wconf 86' lang='lat' dir='ltr'><strong>et</strong></span> <span class='ocrx_word' id='word_1_166' title='bbox 195 2203 284 2266; x_wconf 89' lang='lat' dir='ltr'><strong>iocus,</strong></span> <span class='ocrx_word' id='word_1_167' title='bbox 306 2208 331 2255; x_wconf 87' lang='lat' dir='ltr'><strong>et</strong></span> <span class='ocrx_word' id='word_1_168' title='bbox 339 2216 447 2254; x_wconf 88' lang='lat' dir='ltr'><strong>caussas</strong></span> <span class='ocrx_word' id='word_1_169' title='bbox 461 2198 596 2270; x_wconf 89' lang='lat' dir='ltr'><strong>quidquid</strong></span> <span class='ocrx_word' id='word_1_170' title='bbox 605 2199 704 2254; x_wconf 90' lang='lat' dir='ltr'><strong>amoris</strong></span> <span class='ocrx_word' id='word_1_171' title='bbox 714 2199 781 2254; x_wconf 78' lang='lat' dir='ltr'><strong>hehe</strong></span> 
     </span>
     <span class='ocr_line' id='line_1_29' title="bbox 124 2273 781 2340; baseline -0.005 -8"><span class='ocrx_word' id='word_1_172' title='bbox 124 2277 152 2332; x_wconf 90' lang='lat' dir='ltr'><strong>Si</strong></span> <span class='ocrx_word' id='word_1_173' title='bbox 161 2294 210 2332; x_wconf 86' lang='lat' dir='ltr'><strong>nec</strong></span> <span class='ocrx_word' id='word_1_174' title='bbox 218 2275 316 2332; x_wconf 86' lang='lat' dir='ltr'><strong>blande</strong></span> <span class='ocrx_word' id='word_1_175' title='bbox 325 2275 404 2340; x_wconf 83' lang='lat' dir='ltr'><strong>satis,</strong></span> <span class='ocrx_word' id='word_1_176' title='bbox 426 2289 474 2327; x_wconf 91' lang='lat' dir='ltr'><strong>uec</strong></span> <span class='ocrx_word' id='word_1_177' title='bbox 482 2273 531 2327; x_wconf 88' lang='lat' dir='ltr'><strong>erit</strong></span> <span class='ocrx_word' id='word_1_178' title='bbox 540 2273 588 2328; x_wconf 89' lang='lat' dir='ltr'><strong>tibi</strong></span> <span class='ocrx_word' id='word_1_179' title='bbox 597 2274 681 2330; x_wconf 90' lang='lat' dir='ltr'><strong>comis</strong></span> <span class='ocrx_word' id='word_1_180' title='bbox 692 2281 781 2329; x_wconf 83' lang='lat' dir='ltr'><strong>amant</strong></span> 
     </span>
     <span class='ocr_line' id='line_1_30' title="bbox 161 2347 715 2421; baseline 0 -17"><span class='ocrx_word' id='word_1_181' title='bbox 161 2350 247 2421; x_wconf 84' lang='lat' dir='ltr'><strong>perier</strong></span> <span class='ocrx_word' id='word_1_182' title='bbox 256 2359 282 2404; x_wconf 89' lang='lat' dir='ltr'><strong>et</strong></span> <span class='ocrx_word' id='word_1_183' title='bbox 291 2350 405 2405; x_wconf 83' lang='lat' dir='ltr'><strong>obdura:</strong></span> <span class='ocrx_word' id='word_1_184' title='bbox 426 2347 564 2420; x_wconf 85' lang='lat' dir='ltr'><strong>postmodo</strong></span> <span class='ocrx_word' id='word_1_185' title='bbox 572 2349 645 2402; x_wconf 89' lang='lat' dir='ltr'><strong>mitis</strong></span> <span class='ocrx_word' id='word_1_186' title='bbox 655 2349 715 2404; x_wconf 88' lang='lat' dir='ltr'><strong>erit.</strong></span> 
     </span>
     <span class='ocr_line' id='line_1_31' title="bbox 125 2422 777 2495; baseline -0.006 -14"><span class='ocrx_word' id='word_1_187' title='bbox 125 2423 251 2481; x_wconf 83' lang='lat' dir='ltr'><strong>Flectitur</strong></span> <span class='ocrx_word' id='word_1_188' title='bbox 260 2425 387 2495; x_wconf 88' lang='lat' dir='ltr'><strong>obsequio</strong></span> <span class='ocrx_word' id='word_1_189' title='bbox 396 2431 522 2478; x_wconf 87' lang='lat' dir='ltr'><strong>curvatus</strong></span> <span class='ocrx_word' id='word_1_190' title='bbox 531 2423 564 2477; x_wconf 91' lang='lat' dir='ltr'><strong>ab</strong></span> <span class='ocrx_word' id='word_1_191' title='bbox 575 2422 667 2478; x_wconf 85' lang='lat' dir='ltr'><strong>arbore</strong></span> <span class='ocrx_word' id='word_1_192' title='bbox 677 2440 777 2479; x_wconf 87' lang='lat' dir='ltr'><strong>ramus.</strong></span> 
     </span>
     <span class='ocr_line' id='line_1_32' title="bbox 73 2497 636 2571; baseline 0 -19"><span class='ocrx_word' id='word_1_193' title='bbox 73 2509 110 2553; x_wconf 80' lang='grc'>1811</span> <span class='ocrx_word' id='word_1_194' title='bbox 162 2498 289 2571; x_wconf 81' lang='lat' dir='ltr'><strong>Frangis,</strong></span> <span class='ocrx_word' id='word_1_195' title='bbox 310 2499 333 2550; x_wconf 90' lang='lat' dir='ltr'><strong>si</strong></span> <span class='ocrx_word' id='word_1_196' title='bbox 344 2497 413 2552; x_wconf 88' lang='lat' dir='ltr'><strong>vires</strong></span> <span class='ocrx_word' id='word_1_197' title='bbox 423 2499 556 2568; x_wconf 84' lang='lat' dir='ltr'><strong>experiere</strong></span> <span class='ocrx_word' id='word_1_198' title='bbox 565 2504 636 2552; x_wconf 90' lang='lat' dir='ltr'><strong>tuas.</strong></span> 
     </span>
     <span class='ocr_line' id='line_1_33' title="bbox 126 2570 782 2645; baseline -0.006 -18"><span class='ocrx_word' id='word_1_199' title='bbox 126 2573 260 2643; x_wconf 87' lang='lat' dir='ltr'><strong>Obsequio</strong></span> <span class='ocrx_word' id='word_1_200' title='bbox 270 2578 408 2625; x_wconf 87' lang='lat' dir='ltr'><strong>tranantur</strong></span> <span class='ocrx_word' id='word_1_201' title='bbox 417 2589 515 2643; x_wconf 85' lang='lat' dir='ltr'><strong>aquae:</strong></span> <span class='ocrx_word' id='word_1_202' title='bbox 536 2589 585 2626; x_wconf 88' lang='lat' dir='ltr'><strong>nec</strong></span> <span class='ocrx_word' id='word_1_203' title='bbox 597 2573 704 2627; x_wconf 89' lang='lat' dir='ltr'><strong>vincere</strong></span> <span class='ocrx_word' id='word_1_204' title='bbox 713 2570 782 2645; x_wconf 84' lang='lat' dir='ltr'><strong>possi</strong></span> 
     </span>
     <span class='ocr_line' id='line_1_34' title="bbox 160 2645 781 2718; baseline -0.014 -14"><span class='ocrx_word' id='word_1_205' title='bbox 160 2645 288 2716; x_wconf 88' lang='lat' dir='ltr'><strong>llumina,</strong></span> <span class='ocrx_word' id='word_1_206' title='bbox 311 2647 335 2704; x_wconf 91' lang='lat' dir='ltr'><strong>si</strong></span> <span class='ocrx_word' id='word_1_207' title='bbox 343 2654 453 2713; x_wconf 73' lang='lat' dir='ltr'><strong>contra,</strong></span> <span class='ocrx_word' id='word_1_208' title='bbox 472 2647 738 2718; x_wconf 62' lang='lat' dir='ltr'><strong>quamrap&#39;rtuuua„</strong></span> <span class='ocrx_word' id='word_1_209' title='bbox 751 2662 781 2696; x_wconf 74' lang='lat' dir='ltr'><strong>ur</strong></span> 
     </span>
    </p>
   </div>
   <div class='ocr_carea' id='block_1_3' title="bbox 0 0 891 2992">
    <p class='ocr_par' dir='ltr' id='par_1_3' title="bbox 0 0 891 2992">
     <span class='ocr_line' id='line_1_35' title="bbox 0 0 891 2992; baseline 0 0"><span class='ocrx_word' id='word_1_210' title='bbox 0 0 891 2992; x_wconf 95' lang='lat' dir='ltr'><strong> </strong></span> 
     </span>
    </p>
   </div>
  </div>
 </body>
</html>
