1770 2992
119 171 167 224 300
299 175 330 221 Ρ.
351 173 478 220 ovum
496 173 667 221 naseins

154 275 206 343 Qui
220 275 313 347 poterit
322 291 419 330 sanum
429 274 539 348 fingere,
560 291 646 330 naua
654 273 713 330 arit.

65 365 103 407 5⁰5
117 351 228 416 Dixerit,
247 349 378 406 utranias
386 355 461 421 pacta
471 349 520 404 tibi
530 355 621 418 nocta;
636 348 737 405 venito:

155 423 274 491 veneria,
295 422 407 479 atluerit
419 422 499 478 ianua
508 423 613 493 clauaa3
634 422 713 480 ieras.

118 503 172 555 Nec
184 499 227 554 dic
236 497 387 564 blanditias,
410 514 458 552 nec
470 497 514 552 dio
522 497 644 554 muricia
652 497 735 571 posti,

156 573 281 629 nealatua
291 571 394 628 induro
404 570 672 644 liminapanetuum.

119 651 224 705 Postera
232 646 280 702 lux
289 646 384 715 adarit3
404 654 509 701 careant
517 655 564 703 tua
573 647 656 702 verba
665 645 787 720 querelis:

66 736 105 778 tlt
156 732 182 778 at
191 721 264 777 nulla
273 722 302 776 in
312 719 388 776 vultu
398 719 475 794 signi
484 719 598 776 dolentia
607 720 688 778 habe.
769 743 772 751 ¹

119 800 176 853 lam
184 803 263 868 ponet
271 794 365 861 fastus,
384 812 471 867 quum
482 802 506 849 ta
516 794 644 869 languere
652 796 764 852 videbit:

155 871 205 926 hoc
214 871 291 924 etiam
302 879 390 925 nostra
400 887 500 925 munus
509 870 543 924 ab
553 878 609 925 arte
618 869 697 925 faras.

120 943 452 1017 Tequoquelallataman,
471 961 520 999 nac
529 945 565 999 sit
573 944 623 1000 tibi
632 945 698 1001 linia
707 942 804 999 amandi

156 1019 300 1090 Propositis
309 1017 391 1075 lrenia
399 1036 477 1090 saepe
486 1026 618 1092 repugnat
626 1035 724 1092 aquus.

66 1107 105 1149 515
118 1093 222 1151 Utilitas
233 1093 322 1160 lateat3
343 1093 415 1166 quod
425 1092 479 1149 no'u
488 1093 657 1166 profitebere,
677 1093 731 1150 fiat.

155 1168 228 1237 Quae
237 1169 318 1223 nimis
327 1175 453 1240 apparent
461 1168 534 1233 retia,
553 1168 621 1224 vitat
628 1168 698 1225 avia.

120 1246 178 1300 Neu
188 1245 240 1299 ribi
250 1251 305 1298 tarn
314 1242 423 1314 placeat,
443 1249 711 1315 quotaoontamnara
718 1242 803 1315 possit,

157 1318 356 1383 summimus,
377 1317 474 1372 animis
483 1316 557 1372 cadat
565 1324 596 1372 ut
605 1316 651 1371 illa
661 1319 727 1374 tuis.

120 1392 275 1449 lanuaforta
283 1399 367 1465 patet:
388 1393 513 1464 quamvis
522 1392 693 1458 revocabere,
712 1393 799 1447 nansi.

67 1479 105 1521 tto
156 1470 203 1523 Est
212 1467 272 1523 data
281 1486 348 1524 nox:
368 1467 461 1523 dubita
475 1474 551 1523 nocta
561 1466 655 1522 venire
667 1466 737 1522 data.

121 1545 200 1599 Posse
208 1543 263 1614 pati
274 1541 348 1598 facila
357 1551 409 1610 ast3
431 1543 479 1597 tibi
489 1542 518 1597 ni
527 1541 653 1613 patientia
663 1542 741 1608 desit,

157 1617 278 1689 protinus
288 1635 322 1672 ex
331 1616 400 1672 facili
410 1616 507 1689 gaudia
520 1615 587 1671 ferre
596 1615 667 1671 lieet.

121 1693 189 1746 llaec
197 1699 333 1763 praecepta
341 1699 426 1763 potest
434 1690 579 1763 quisquam
589 1707 649 1746 mea
658 1689 726 1747 dura
737 1707 805 1746 vocar

157 1767 199 1820 En
209 1767 287 1819 etiam
296 1773 383 1837 partas
393 1765 556 1822 conciliantis
565 1783 625 1838 ago.

68 1849 106 1894 525
121 1839 199 1904 Nam,
219 1840 346 1910 quoniam
354 1840 459 1896 variant
467 1840 561 1906 animi,
581 1839 749 1896 variabimus
761 1845 805 1894 arta

157 1913 228 1969 ltlille
239 1910 302 1966 mali
311 1913 425 1983 species,
446 1914 520 1970 mille
529 1913 622 1972 salutis
633 1922 721 1970 erunt.

122 1989 234 2062 Corpora
244 1987 290 2041 vix
300 1986 367 2043 ferro
376 1988 508 2059 quaedam
516 1996 645 2045 sanantur
656 1998 746 2046 acuto:

159 2063 290 2121 auxilium
299 2061 391 2119 multis
401 2080 497 2120 audeus
507 2072 533 2120 at
542 2064 622 2119 herba
633 2063 695 2120 fuit.

122 2141 225 2197 Mollior
237 2157 274 2205 es,
297 2154 345 2197 nec
357 2138 429 2194 abire
438 2147 521 2211 potas,
542 2138 703 2210 vinctusque
715 2137 805 2194 teneris

69 2226 107 2268 530
159 2225 184 2271 et
194 2225 239 2271 tua
249 2232 344 2270 saevus
353 2213 434 2270 Amor
444 2215 495 2268 sub
504 2213 570 2285 pede
579 2212 647 2268 oolla
659 2214 769 2284 premit;

123 2290 213 2346 desine
224 2290 330 2360 luctari3
352 2288 464 2346 referant
472 2297 517 2343 tua
526 2287 636 2344 carbasa
645 2288 733 2343 venti:

160 2381 267 2435 quaque
278 2372 372 2419 vocant
381 2363 486 2430 fluctus,
507 2363 557 2417 hac
567 2360 615 2417 tibi
626 2379 717 2417 remus
727 2368 776 2418 eat.

123 2437 260 2509 Explenda
271 2445 310 2492 est
318 2438 377 2492 sitis
386 2439 435 2495 ista
445 2437 508 2503 tihi,
528 2454 582 2508 qua
591 2436 712 2509 perditus
723 2435 805 2491 ardes.

161 2511 299 2566 Cedimus:
320 2512 434 2567 emedio
447 2513 499 2567 iam
510 2512 569 2566 licet
577 2527 655 2567 amne
664 2511 752 2566 bibas.

72 2595 109 2636 tat
124 2583 175 2638 Sed
192 2585 255 2639 biba
272 2582 335 2656 plus
355 2584 444 2652 etiam,
463 2605 545 2660 quam
560 2585 633 2658 quod
647 2584 797 2657 praecordia

607 2670 702 2716 sauata
