1770 2992
160 172 191 223 ⁴6
354 177 384 226 P.
405 176 530 223 ovum
548 175 713 222 NASONIS

195 275 421 348 sarcinaquahaeo
430 273 809 347 animonons'edetaptameot

103 363 130 409 25
158 351 208 406 Ars
217 351 255 415 fit,
267 350 314 405 ubi
322 367 338 406 a
347 349 443 405 teneris
452 349 552 405 crimen
562 347 722 405 condiscitur
733 351 826 405 annis:

196 442 265 497 quae
272 425 345 480 venit
352 431 442 479 exacto
451 432 576 496 tempora,
586 425 663 495 peius
673 431 753 479 amat.

159 501 198 553 Tu
209 516 277 554 nova
287 508 403 554 servatae
412 512 499 568 carpes
509 497 635 552 libamina
644 497 742 566 lamae3

195 575 324 645 etpuritsr
333 576 453 627 nostrum
462 573 626 644 fietutsrque
636 589 743 629 nocens.

158 649 206 703 Est
215 648 326 720 aliquid,
336 646 422 718 plenis
430 647 548 719 pomaria
559 663 663 718 turpem
675 649 767 714 ramis,

106 736 131 780 30
196 731 222 778 et
231 722 304 776 tenui
312 722 427 793 primam
435 720 651 794 deligere'ungue
660 739 758 776 rosam.

75 830 80 845 ι
159 798 187 853 Si
196 805 284 852 tamen
293 794 338 851 ille
344 796 428 867 prior,⁴
436 812 490 869 quo
498 795 817 870 meplnooriminegessi‚

196 868 732 945 candorabinsolinlnbapquuduseraq

160 953 186 999 at
195 945 263 1000 bene
271 945 405 1011 summit,
415 944 497 1019 digno
505 942 724 1081 qwffierimur
732 944 803 1018 igni:

196 1018 272 1090 peius
281 1017 407 1074 adulterio
415 1019 500 1090 turpis
510 1016 571 1074 adul
615 1017 701 1075 obest.

107 1106 131 1148 aa
159 1092 187 1147 Si
196 1091 263 1147 mihi
273 1092 395 1150 concedat
405 1095 470 1150 luno
479 1091 638 1164 fratremque
647 1093 803 1164 virumque3

197 1165 370 1241 Hippolytum
379 1167 468 1222 videm
476 1167 656 1239 praepositura
667 1167 732 1222 lovi.

160 1243 215 1296 lam
225 1258 333 1315 quoque
341 1240 396 1314 (vix
407 1240 517 1314 credas,)
527 1242 630 1314 ignotas
639 1241 708 1296 nitor
718 1241 746 1296 in
760 1249 842 1297 artes:

196 1325 236 1372 est
245 1316 310 1371 mihi
320 1332 367 1388 per
376 1331 467 1370 saevas
477 1315 592 1386 impetus
604 1316 642 1370 ire
650 1314 728 1370 feras.

160 1393 215 1447 lam
226 1392 292 1447 mihi
301 1391 388 1463 prima
397 1389 446 1446 dea
454 1399 503 1456 est,
513 1407 576 1445 areu
584 1390 732 1463 praesignis
742 1389 842 1454 adunca

107 1477 132 1520 to
197 1466 283 1522 Delia:
303 1465 754 1537 iudiciumsuhsequoripsatuum.

161 1542 191 1596 Iu
202 1559 296 1597 nemus
306 1542 345 1595 ire
354 1540 427 1606 libet,
436 1539 590 1610 pressisque
598 1538 627 1592 in
637 1538 702 1593 retia
710 1539 805 1601 servis,

197 1614 295 1670 hortari
304 1612 400 1668 calores
409 1630 456 1684 per
465 1614 528 1686 iuga
537 1629 642 1668 summa
651 1629 745 1667 sanes:

161 1696 206 1742 aut
215 1686 357 1743 tremulum
367 1703 478 1742 excusso
487 1685 603 1742 iaculum
612 1686 717 1742 vibrare
726 1684 836 1757 lacerto3

198 1771 244 1816 aut
252 1763 281 1816 in
290 1760 425 1834 graminea
433 1777 531 1833 ponere
539 1777 635 1832 oorpus
644 1761 736 1816 humo.

108 1846 132 1890 lo
161 1836 242 1906 Saepe
254 1834 674 1907 iuratversaralevesinpulvere
682 1853 786 1900 numus,

197 1916 361 1982 torquentem
370 1908 451 1964 uenis
462 1928 507 1965 ora
516 1908 617 1984 frrgaois
629 1910 701 1981 equi.

161 1987 239 2039 Nunc
248 1984 323 2050 feror,
334 1993 365 2039 ut
372 1985 466 2039 Baeohi
477 1983 554 2038 irruis
562 1982 692 2038 Eleleides
702 1991 782 2048 actae,

199 2076 319 2131 quaeque
327 2060 379 2114 sub
387 2059 463 2114 Idaeo
474 2067 599 2132 tympana
608 2056 673 2113 colle
683 2066 801 2113 movent.

160 2135 215 2189 Aut
226 2151 293 2205 quas
303 2135 432 2189 semideae
440 2132 556 2206 Dryades
566 2132 705 2203 Faunique
713 2132 838 2188 bicornes

108 2222 132 2262 oo
198 2209 308 2262 numine
316 2217 444 2264 contactas
454 2215 587 2262 attonuere
597 2224 656 2262 suo.

160 2285 282 2354 Namque
291 2283 356 2337 mihi
367 2282 490 2347 referunt,
500 2299 586 2352 quum
596 2298 624 2335 se
633 2280 706 2336 furor
714 2279 760 2335 ills
768 2289 842 2336 remu

198 2356 298 2412 omnia.
319 2357 361 2412 Me
370 2358 472 2411 tacitam
482 2357 605 2411 conscius
614 2356 669 2411 urit
677 2354 769 2410 Amor.

156 2433 278 2486 Forsitan
292 2431 365 2487 launo
371 2431 477 2506 generis
488 2430 541 2487 fato
551 2430 691 2485 reddamus
702 2447 834 2499 amorem3

180 2515 211 2559 et
222 2507 314 2563 Venus
324 2527 338 2564 e
350 2516 403 2566 tota
412 2515 494 2585 gente
504 2506 609 2563 tributa
616 2512 699 2578 potat.

64 2579 95 2620 55
123 2580 382 2666 JupiterEuropen
395 2588 497 2664 (prima
507 2594 554 2642 est
564 2603 594 2640 en
604 2582 696 2658 gentis
706 2576 805 2650 oriqoq

151 2655 269 2728 drlexit,
286 2674 373 2725 tauro
383 2665 595 2725 dissimulante
605 2660 702 2715 deum.
