1770 2992
120 139 168 191 108
303 142 334 188 Ρ.
355 139 482 187 ov1n11
499 138 667 185 morus

156 250 225 309 acta,
245 242 318 297 subit
326 239 418 296 furtim
430 239 533 295 lumina
545 237 615 295 fessa
627 256 716 313 sapor.

118 318 238 374 Forsitan
248 317 359 382 invitus,
375 332 480 370 meeum
491 321 589 380 tamen.
600 313 732 386 improbe.
743 314 806 371 dem

155 400 194 459 et,
214 389 491 465 quamquamnonvis
504 388 561 460 ipae
570 389 677 456 venire,
696 389 781 446 venis.

118 468 187 522 Nam
197 467 275 523 modo
284 473 309 520 te
320 464 412 520 videor
419 480 501 536 prope
509 463 563 518 iam
573 471 691 537 spectare
700 471 806 520 natare!

67 555 92 597 aa
156 541 264 599 brachia
273 555 346 596 nunc
354 539 474 594 humeris
483 538 594 594 humida
604 537 672 594 ferre
682 538 764 594 meis:

120 633 193 672 nune
201 616 272 681 dare,
283 631 352 687 quae
360 613 440 680 soleo,
451 612 565 668 madidis
571 611 706 669 velamina
715 613 807 669 membr

158 697 260 762 pectora
270 705 343 745 nunc
353 689 442 744 iuncto
453 694 541 743 nostra
554 685 642 743 fovere
651 688 728 745 sinu:

120 764 257 837 multaque
266 771 410 836 praeterea,
431 762 806 836 linguaeretieendamodaatae

157 856 226 912 quae
238 836 330 894 fecisse
338 837 425 903 iuvat,
447 836 512 892 faeta
522 836 617 892 referre
624 835 717 909 pudet.

68 926 93 969 aa
119 915 162 971 Me
171 913 310 968 miseram!
324 912 412 968 brevia
419 919 459 966 est
467 910 541 976 haee,
551 918 577 966 et
586 928 640 967 non
650 928 713 968 vera
722 911 806 983 volup

158 1005 220 1043 nam
231 995 261 1043 tu
273 1004 335 1042 cum
344 1004 438 1043 somno
447 1002 550 1057 semper
558 986 631 1041 abire
640 985 719 1042 soles.

122 1062 276 1128 Firmiuso.
296 1061 386 1135 cupidi
396 1060 502 1116 tandem
510 1062 633 1116 coeamus
642 1068 768 1127 amantes,

160 1155 193 1194 ne
200 1143 305 1205 pareant
313 1153 375 1192 vera
385 1134 483 1210 gaudia
493 1141 582 1190 nostra
592 1135 653 1191 fide.

121 1212 176 1270 Cur
185 1230 234 1286 ego
244 1218 281 1267 tot
290 1210 385 1268 viduas
394 1210 470 1283 exegi
480 1208 575 1283 frigida
586 1208 694 1266 noctes?

69 1299 94 1342 ra
158 1285 381 1351 curtatieeame‚
401 1284 592 1350 lentenatatar‚
612 1283 694 1340 abes?

121 1363 170 1418 Est
183 1379 268 1426 mare,
289 1360 426 1424 eonfite0r‚
448 1358 567 1414 nondum
577 1358 712 1414 tractabile
721 1359 804 1414 nanti:

159 1445 234 1493 noebe
242 1435 289 1492 aed
298 1437 418 1492 hesterna
431 1432 514 1488 lenior
522 1451 586 1489 aura
594 1430 654 1488 fuit.

124 1510 362 1584 Cureapraeterita
370 1508 428 1565 est?
454 1507 508 1565 Cur
517 1526 570 1563 non
580 1515 692 1564 ventura
701 1507 806 1564 timebas

160 1587 225 1639 Tam
234 1586 303 1641 bona
313 1603 361 1640 cur
373 1583 464 1657 periit,
485 1599 533 1637 nee
541 1582 590 1638 tihi
600 1590 673 1654 rapta
683 1583 728 1638 via
740 1580 795 1639 est‘?

70 1671 95 1712 75
123 1659 245 1715 Protinus
253 1666 284 1713 ut
292 1658 388 1713 similis
396 1659 473 1714 detur
482 1657 531 1712 tibi
539 1656 615 1729 eopia
623 1674 729 1724 cursus,

160 1734 210 1789 hoc
218 1731 311 1788 melior
319 1740 401 1800 certe,
422 1751 476 1805 quo
477 1732 570 1861 prior,
591 1731 636 1786 illa
645 1730 706 1786 suit.

123 1806 158 1863 At
166 1807 217 1862 cito
226 1813 326 1863 mutata
335 1814 374 1860 est
383 1808 469 1862 iactati
488 1805 711 1879 ormaprofundi3

160 1890 288 1954 tempore,
308 1898 392 1953 quum
403 1899 536 1954 properas,
558 1897 635 1954 saepe
644 1882 748 1937 minore
755 1897 806 1938 verr:

124 1957 181 2022 Hic,
191 1962 265 2027 puto,
274 1956 418 2027 deprensus
429 1955 476 2021 nil,
488 1956 560 2028 quod
569 1955 726 2028 querereris,
736 1956 806 2012 haber

71 2045 96 2085 ao
161 2047 257 2103 meque
266 2031 313 2085 tibi
324 2030 444 2104 amplexo
454 2030 527 2086 nulla
538 2038 641 2086 noceret
651 2031 749 2087 hiems.

124 2106 198 2161 Certe
209 2123 257 2180 ego
268 2113 332 2161 tuno
341 2114 431 2162 ventas
442 2103 560 2160 audirem
571 2103 636 2160 laeta
645 2114 778 2171 sonantes,

161 2188 186 2234 et
195 2199 334 2253 nunquam
342 2179 458 2253 placidas
471 2197 528 2235 esse
535 2197 654 2252 precarer
664 2197 758 2252 aquas.

124 2254 195 2322 Quid
205 2263 291 2311 tamen
300 2257 400 2322 evenit,
420 2273 469 2310 cur
477 2256 515 2309 sis
524 2254 682 2310 metuentior
690 2253 796 2310 undae?

161 2337 375 2404 contemtumque
384 2331 459 2402 prius
469 2347 541 2385 nune
550 2347 655 2386 vereare
663 2328 778 2386 fretum?

72 2415 97 2458 85
124 2405 192 2460 Nam
203 2405 322 2471 memini,
335 2423 421 2477 quum
430 2412 455 2459 te
465 2422 575 2460 saevum
584 2404 705 2460 veniente
717 2405 806 2460 minax

98 2538 99 2542 ,
163 2479 329 2545 perminus,
351 2486 396 2533 aut
406 2477 490 2534 multo
500 2497 553 2535 non
563 2481 663 2545 minus,
684 2495 806 2552 aequore

125 2573 210 2627 quum
220 2554 267 2609 tibi
277 2553 437 2619 clamabam,
458 2552 777 2621 Siemtemerariusesta‚

162 2647 195 2685 ne
208 2630 317 2686 miserae
325 2630 410 2687 virtus
424 2629 459 2684 sit
466 2635 512 2684 tua
522 2626 611 2683 flenda
619 2629 699 2681 mihi.

110 2872 235 2900 Α
