1770 2992
138 169 188 221 296
324 173 354 216 1².
376 171 503 219 ovmn
520 172 689 218 nasonis

86 286 124 328 335
140 270 243 328 Grande
257 278 353 327 sonant
367 271 473 346 tragici3
499 271 611 346 tragicos
633 270 709 327 deest
721 272 761 328 ira
773 273 863 328 333333

614 363 678 402 333;

176 420 299 475 versibus
309 437 324 473 e
337 419 432 474 mediis
440 436 533 476 soeeus
544 418 687 475 habendus
695 421 755 476 erit.

139 496 218 552 Liber
227 495 254 548 in
265 493 388 550 adversos
397 493 486 549 hostes
495 494 643 568 stringatur
650 495 772 565 iiimbus;

176 586 223 624 seu
235 569 312 631 celer,
323 575 471 623 extremum
481 584 529 623 seu
538 569 623 624 trahat
632 568 678 624 ille
685 571 789 642 pedem.

140 643 238 699 Blanda
248 643 410 714 pharetratos
421 642 528 717 Elegeia
537 650 623 698 cantet
631 642 758 701 Amores:

87 731 126 774 333
178 727 202 773 et
212 717 277 773 levis
287 717 394 773 arbitrio
403 716 569 773 ludatamion
581 734 641 774 333.

141 791 295 849 Callimachi
305 790 424 846 numeris
436 799 539 847 nonest
550 790 680 848 dicendus
692 792 818 849 Achilles:

178 866 298 940 Cydippe
306 883 359 921 non
369 873 409 920 est
418 866 481 932 oris,
501 867 621 933 Homero,
641 869 692 923 tui.

141 940 207 1007 Quis
213 939 276 994 ieret
284 938 479 996 Andromaches
490 948 657 1016 peragentem
667 942 767 998 Thaida
776 937 859 1014 paras?

178 1016 277 1080 Peceat,
298 1014 626 1071 inindromache'ihaida
636 1016 659 1071 si
669 1016 734 1090 quis
746 1024 810 1091 ngat.

88 1101 127 1144 385
141 1089 221 1143 Thais
231 1089 260 1144 in
271 1090 333 1145 Arte
342 1106 400 1144 mea
410 1097 462 1144 est:
485 1087 592 1145 lascivia
602 1090 684 1146 libera
695 1099 782 1148 333133
790 1096 831 1146 est.

178 1163 221 1219 Nil
231 1163 298 1220 mihi
308 1181 370 1220 enm
380 1164 459 1219 vitta:
480 1164 561 1219 Thais
571 1163 740 1222 3333333333
748 1174 794 1224 est.

142 1237 169 1293 Si
180 1255 236 1294 mea
247 1239 371 1294 materias
380 1238 520 1310 respondet
528 1240 605 1295 Musa
615 1239 727 1308 iocosae,

179 1314 302 1378 vicimus,
317 1321 343 1368 et
350 1312 410 1368 falsi
419 1313 540 1368 oriminis
549 1321 605 1370 acta
614 1322 716 1370 reaest.

142 1387 433 1460 Rumpere‚tiv0redax;
440 1404 568 1462 magnum
575 1387 856 1446 iamnomsnhabamus

89 1474 127 1518 333
180 1463 337 1533 maiuserit3
357 1471 471 1527 tantum,
492 1480 546 1534 quo
553 1464 620 1534 pede
628 1464 724 1536 eoepit,
744 1473 792 1520 eat.

143 1537 193 1592 Sed
202 1537 317 1593 nimium
328 1554 466 1610 properas:
478 1538 567 1593 vivam
577 1539 665 1605 modo,
675 1537 754 1611 plura
763 1534 855 1594 atsi:

179 1620 204 1666 et
211 1613 316 1684 capient
324 1612 406 1668 animi
416 1612 533 1666 earmina
543 1611 628 1667 multa
637 1614 701 1668 mei.

143 1687 210 1742 Nam
221 1687 307 1753 iuvat,
330 1696 356 1742 et
365 1687 484 1743 studium
493 1685 578 1742 iamne
587 1687 654 1742 mihi
664 1689 758 1745 cressit
765 1687 855 1743 henne:

179 1761 310 1834 principio
318 1761 380 1817 clivi
391 1770 478 1818 noster
486 1761 592 1817 anhelat
600 1778 697 1834 equus.

91 1846 128 1889 333
143 1837 256 1890 Tantum
267 1854 296 1890 se
306 1837 382 1892 nobis
392 1836 465 1910 Eiegi
476 1835 570 1891 debere
578 1835 701 1902 fatentur,

179 1917 310 1981 quantum
320 1911 431 1984 Virgilio
441 1909 528 1965 nobile
540 1910 616 1966 debet
624 1928 703 1984 opus.
768 1972 771 1980 ,

144 1985 274 2039 Hactenus
284 1984 399 2040 invidiae
408 1985 607 2056 respondimus:
631 1984 790 2041 attrabatem

181 2058 283 2125 fortius,
303 2067 328 2114 et
390 2076 500 2123 333333,
523 2062 608 2132 potita,
627 2067 683 2116 tuo.

144 2135 214 2209 Ergo
224 2134 270 2190 ubi
279 2151 362 2190 eonon
382 2135 435 2189 itus
445 2142 470 2219 gt
479 2151 546 2206 opus
556 2133 674 2190 iuvenile
686 2141 792 2207 petatur,

91 2215 130 2262 too
181 2217 206 2264 et
214 2227 296 2282 prope
303 2209 449 2282 promissae
458 2218 574 2281 tempora
587 2208 670 2264 noetis
680 2216 771 2276 erunt;

144 2284 285 2357 gaudiana
296 2285 427 2349 dominae,
445 2284 523 2356 pleno
532 2284 555 2337 si
564 2292 666 2355 pectore
675 2300 775 2347 sumas,

183 2359 328 2444 teeapiant‚
348 2361 421 2414 ineas
430 2357 577 2432 quamlibet
585 2366 646 2413 ants
654 2359 746 2413 velim.

145 2431 296 2496 Quamlibet
305 2434 434 2498 invenias,
454 2434 546 2504 inqua
557 2440 602 2486 tua
614 2433 702 2504 prima
711 2432 821 2502 voluptas

182 2504 297 2559 desinat:
317 2507 425 2577 aprima
435 2508 555 2579 proxima
565 2507 654 2580 segnis
665 2507 723 2561 erit.

93 2586 131 2631 tus
146 2577 292 2632 Sustentata
301 2579 391 2634 Venus
401 2580 560 2653 gratissima.
580 2581 690 2655 Frigore
698 2580 774 2644 soles,

173 2652 233 2710 soie
241 2651 337 2712 iuvant
347 2655 476 2713 umbrae:
498 2663 573 2734 gnata
581 2654 757 2710 tnnnnas'itx.
