1770 2992
125 155 292 202 Anulum
309 154 381 202 ula.
399 155 418 202 1.
437 156 494 202 EL.
510 156 535 201 8.
651 148 696 203 iii

141 349 382 408 ELEGIA
427 349 520 406 v111.

97 472 165 537 lam,
186 468 350 546 (quicunque
359 470 430 526 volet
438 485 594 544 cognoscere
603 469 699 539 lenam,

100 546 322 623 )eetquaedum‚
343 546 451 603 nomine
460 545 569 618 Dipsas,
590 560 669 602 auus.

97 621 241 678 ienhabet.
272 622 349 696 Nigri
359 639 411 678 uon
422 620 468 676 illa
477 628 613 693 parentem

97 696 276 754 uieiuroeeie
285 696 373 753 sobria
382 695 450 752 vidit
458 696 544 768 equis.

97 779 202 838 saites,
222 771 360 844 Aeaeaque
370 771 487 827 earmina
496 771 578 837 novit.
744 785 756 827 5

98 855 169 921 aput
177 845 479 919 rapidusarterecurvat
488 863 581 919 aquas.

98 967 100 981 ‚
113 921 183 996 quid
190 939 311 996 gramen,
326 920 392 994 quid
402 928 468 977 tortu
477 921 578 977 concita
590 921 702 979 rhombo

108 996 178 1070 quid
186 995 272 1052 valeat
280 996 356 1052 virus
365 995 478 1052 amantis
489 1013 581 1068 equae.

98 1071 159 1137 luit,
181 1078 234 1128 toto
242 1068 423 1146 glomerantur
434 1070 524 1126 nubila
535 1071 616 1128 eoelo.

98 1145 195 1212 voluit,
216 1164 284 1218 puro
294 1145 377 1221 fulget
387 1145 416 1202 iu
424 1145 488 1202 orbe
497 1144 564 1200 dies.
732 1159 756 1200 to

103 1267 109 1290 ,
131 1221 155 1277 ei
165 1238 219 1294 qua
231 1220 310 1287 fides,
331 1218 456 1277 stillantia
466 1220 552 1276 sidera
563 1220 631 1276 vidi:

98 1314 149 1353 eus
158 1297 250 1352 Lunae
259 1296 388 1371 sauguine
399 1296 488 1352 vultus
501 1304 564 1352 erat.

106 1379 250 1429 nocturnus
258 1389 362 1427 versam
370 1371 479 1428 volitare
489 1389 535 1443 per
544 1371 655 1426 umbras

98 1466 133 1515 tr,
155 1455 181 1502 et
191 1445 283 1519 pluma
291 1464 388 1519 eorpus
397 1445 467 1501 anile
477 1446 539 1519 tegi.

98 1544 100 1589 3
126 1529 152 1578 et
170 1521 240 1578 fama
259 1530 308 1577 est.
347 1520 439 1577 Oculis
457 1537 565 1592 quoque
583 1517 685 1592 pupula

493 1593 594 1668 duplex
733 1607 758 1649 15

99 1680 138 1739 at,
160 1680 185 1728 et
192 1671 300 1747 gemino
309 1670 401 1727 lumen
411 1670 444 1725 ab
454 1669 516 1726 orbe
526 1671 608 1726 venit.

98 1746 188 1822 itiquis
197 1764 309 1820 proavos
322 1753 465 1818 atavosque
475 1745 614 1818 sepulcris,

98 1841 146 1878 am
159 1821 237 1896 longo
246 1821 362 1877 carmine
372 1820 449 1876 findit
458 1819 582 1878 humum.

98 1896 652 2047 232⁰ffffissssiiissiffiffit²3iiffl⁰⁰⁸³
734 1984 759 2025 20

98 2049 310 2105 aermouitestem
323 2046 403 2103 dedit.
432 2047 479 2104 Illa
488 2048 612 2105 monebat

98 2142 142 2180 me
150 2123 270 2197 duplices
279 2121 416 2179 oeculuere
425 2122 507 2178 fores:
625 2126 631 2137 '

102 2206 141 2266 te,
161 2217 221 2255 mea
231 2197 293 2264 lux,
315 2198 405 2253 iuveni
415 2197 547 2269 placuisse
556 2197 641 2250 beato.

100 2281 127 2329 et
135 2273 164 2329 in
172 2272 251 2330 vultu
259 2273 376 2330 constitit
385 2290 472 2344 usque
481 2280 536 2326 tuo.

101 2347 250 2420 uplaceas‘?
276 2346 350 2403 Nulli
360 2355 404 2402 tua
414 2346 498 2403 forma
508 2342 623 2400 secunda
633 2353 682 2401 eat.
736 2357 761 2399 25

98 2425 192 2479 ieram!
214 2424 313 2498 diguus
322 2439 430 2496 corpore
439 2421 527 2478 cultus
537 2420 621 2476 abest.

99 2515 192 2562 esses,
214 2517 297 2571 quam
309 2497 525 2570 formosissima,
544 2496 658 2556 ueiieui.

99 2586 114 2630 ν,
139 2569 241 2629 tetiacta
251 2574 353 2645 divite,
378 2599 489 2658 pauper
499 2599 560 2639 ero.

99 2645 205 2711 ppositj
216 2653 317 2711 nocuit
327 2661 482 2720 contraria
490 2660 611 2721 Martie.
