1770 2992
115 132 147 181 68
301 136 331 180 Ρ.
351 134 478 181 ovim!
494 134 665 183 nasonis

152 235 435 321 Nonpigetimmuuee
443 234 753 291 oaedishaheremanus.

115 312 157 365 Me
169 318 241 382 peter
251 309 389 383 rgnelioet,
403 326 485 382 quem
497 326 552 365 non
562 308 736 377 violavimus,
747 326 787 365 ura

64 400 88 440 to
153 402 274 457 quaeque
283 384 391 439 ederant
399 384 491 449 saeris,
505 383 595 439 tendat
605 384 635 439 in
644 382 776 451 orniam}

118 471 163 515 aut
172 459 217 515 iilo
226 459 337 531 iugulet,
351 475 432 531 quem
442 474 495 514 non
505 458 573 514 bone
581 458 703 525 tradidit,
715 476 781 523 eoam

154 544 192 599 ut,
206 551 260 606 qua
270 551 322 589 non
331 532 474 589 eeoiditvir
483 549 554 598 neee,
571 532 767 604 nuptaoadarn:

119 628 171 666 non
182 618 278 672 tamen,
293 616 323 662 ut
331 606 420 662 dieant
429 608 577 673 morientia,
591 608 720 674 Poenitat,
732 624 780 673 ore,

155 683 261 749 eifioiet;
283 688 394 746 nonest,
409 682 733 755 quampigotessepiam.

67 773 90 814 rs
119 757 249 813 Poeniteat
257 755 362 810 seeleris
371 756 491 811 Danaum
516 772 775 829 saevasquesorom

156 833 203 886 liio
212 830 276 887 solet
284 838 395 886 eventus
405 830 470 885 iacta
481 829 592 887 nefanda
604 830 695 903 sequi.

120 906 169 961 Cor
179 914 255 976 pavet
263 905 400 962 admonitu
409 913 545 961 temeratae
553 906 688 981 sanguine
697 904 784 973 meis,

156 989 181 1034 et
190 980 294 1034 subitus
307 980 413 1036 dextrae
421 979 556 1052 praepedit
564 997 626 1036 orsa
639 986 745 1037 tremor.

120 1055 206 1121 Quam
216 1060 245 1108 tu
255 1055 331 1109 caede
339 1063 416 1127 putes
429 1054 476 1109 sun
497 1055 635 1127 ipotuisse
642 1055 741 1121 mariti,

68 1144 92 1187 ‘zo
157 1128 271 1184 scrihere
279 1129 312 1184 de
321 1128 387 1185 faeta
395 1147 449 1186 nen
459 1072 511 1184 sizi
519 1129 598 1184 oeede
609 1130 696 1185 timet.

121 1204 267 1259 Sedtamen
276 1204 403 1274 experiar.
443 1202 596 1259 Modoiaota
605 1204 787 1276 orepuseadeta

157 1278 251 1333 ultima
259 1295 322 1349 pars
334 1277 409 1345 lueis,
424 1279 564 1351 primaque
574 1279 659 1333 noetis
668 1287 736 1335 erat:

121 1354 244 1410 ducimur
253 1353 389 1409 lnaehides
399 1355 489 1427 magni
498 1353 550 1407 sub
558 1360 625 1408 tecta
637 1352 749 1429 Pelasgi,

157 1438 182 1484 et
192 1447 264 1484 sooer
273 1436 386 1485 armatas
395 1428 489 1499 aeoipit
499 1428 557 1498 ipse
565 1445 663 1483 nurus.

69 1519 93 1561 25
121 1504 382 1576 Undiqueooliuoent
390 1503 552 1574 praecinctae
561 1501 699 1573 lampadas
709 1520 780 1558 auro.

158 1581 259 1633 Dantur
267 1579 296 1632 in
305 1578 401 1633 invitos
412 1576 493 1649 impia
502 1586 561 1631 tura
570 1575 659 1633 iooos..

121 1652 235 1724 Vulgus,
248 1654 362 1725 Hymen,
375 1653 533 1725 Hymenaee,
548 1659 657 1708 voeunt:
676 1648 787 1725 iugitiilt

595 1734 695 1781 cantes.

160 1802 219 1869 Ipsa
228 1799 297 1852 Iovis
305 1800 403 1854 coniux
412 1799 490 1855 cessit
499 1800 533 1854 eb
542 1798 609 1855 urbe
617 1817 677 1856 sue.

122 1876 189 1928 Ecce
198 1890 271 1928 mero
279 1873 364 1940 dubii,
378 1876 504 1931 comitum
515 1873 628 1930 clamore
637 1873 786 1948 frequentes

71 1965 95 2006 30
159 1946 222 2003 flore
231 1965 298 2003 novo
310 1951 429 2005 madidas
440 1950 599 2021 impediente
607 1967 708 2015 eomas,

122 2025 151 2078 in
160 2023 288 2079 thalamos
298 2024 366 2091 laeti,
380 2024 519 2088 thalamos,
534 2042 582 2079 sue
592 2025 681 2091 busta,
695 2024 787 2081 ferunt

160 2106 291 2170 strataque
299 2101 462 2173 emporibus,
483 2098 574 2154 funere
581 2099 673 2174 digna,
689 2116 787 2171 premnt

125 2175 242 2247 lemque,
253 2175 312 2232 oiho
321 2179 438 2246 vinoque
446 2191 541 2246 graves
551 2192 709 2245 somnoque,
724 2174 787 2231 iaoei

162 2268 336 2323 securumque
346 2252 423 2323 quies
433 2249 484 2303 alta
494 2266 540 2319 per
549 2249 635 2322 Argos
644 2257 713 2304 erat:

72 2337 97 2379 35
125 2326 224 2378 circum
233 2328 398 2398 megemitus
408 2324 568 2379 morientum
577 2325 669 2381 audire
678 2322 787 2380 videbar

162 2406 284 2453 ettamen
294 2400 442 2464 audieram,
457 2399 582 2471 quodque
590 2397 710 2464 verebar,
725 2406 787 2454 erat.

124 2474 240 2550 Sanguis
258 2473 326 2544 nbit;
358 2481 533 2543 mentemque
550 2474 619 2527 nator
633 2489 786 2590 reponsum

617 2559 670 2612 qui
686 2557 697 2588 ·.

140 2634 232 2709 inque
248 2649 323 2690 novo
334 2627 412 2688 iacui
425 2621 535 2701 frigida
542 2619 699 2674 teutatem.
