1770 2992
65 329 89 371 25
118 313 157 369 Sit
166 311 262 368 modus
272 310 365 376 exilio,
385 309 468 377 dixit,
488 308 640 365 iustissime
648 310 748 367 Minos:

155 387 264 458 accipiet
273 387 373 441 cineres
382 391 449 440 terre
458 392 567 456 paterna
576 400 667 440 meos:
829 438 831 459 ,

119 471 144 519 et
153 463 280 535 quonium
292 459 427 532 inpetria,
448 458 508 514 fetis
518 459 636 532 agitatus
644 459 756 532 iniquis,
822 500 831 583 ⁴

117 133 168 188 236
306 136 338 182 P.
359 134 488 183 ovmu
503 133 676 181 nuscum

154 237 369 308 semibovemque
379 236 482 302 virum,
504 233 761 306 semivirumquebe
807 314 810 319 Ι

156 539 245 593 vivere
254 554 308 592 ncn
317 535 405 606 potui,
425 533 551 601 demihi,
571 534 739 606 possemori.

119 615 157 669 De
167 612 279 668 reditum
289 627 384 680 puero,
405 608 743 683 senisesteigratinvilis:
824 604 831 709 j

67 702 92 744 ec
158 688 181 742 si
193 704 245 741 non
257 686 299 740 vis
309 700 391 756 puero
400 700 520 755 parcere,
540 700 620 755 perce
629 684 700 739 seni.

120 762 226 817 Dixerat
233 760 311 813 hnec:
332 758 495 823 sedethnec.
516 756 638 813 etmultc
646 757 727 830 plura
736 756 818 812 liseur

157 836 255 890 dicere:
277 841 303 887 nt
312 849 435 907 egressus
444 850 498 888 non
507 832 587 888 dubet
596 831 643 887 ille
653 834 723 889 viro.

122 909 198 977 Quod
212 906 295 964 simul
310 925 340 963 ec
353 907 450 974 sensit,
471 908 564 973 Nunc,
585 924 674 974 nunc,
695 903 831 969 oDeedele,

599 981 700 1047 dixit·

159 1058 311 1124 materiem,
331 1056 611 1131 quesisingeniosue,
630 1056 726 1112 habes.

69 1148 93 1190 ³5
121 1133 239 1191 Possidet
249 1150 282 1188 en
290 1140 385 1198 terras,
405 1139 431 1188 et
439 1130 557 1204 possidet
565 1148 682 1204 eequcrn
690 1132 790 1188 Minos·

160 1226 208 1265 ncc
218 1207 296 1264 tellus
305 1214 422 1274 nestrae,
443 1223 493 1262 nec
500 1205 654 1279 putetundn
664 1204 755 1281 iugne.

122 1287 211 1340 Restat
219 1284 268 1339 iter
276 1281 355 1338 coeli:
375 1281 678 1337 coelotentehimueire.

159 1357 312 1414 Devenicm
321 1363 423 1428 coepto,
444 1357 543 1428 Iupiter
552 1355 634 1421 elme,
655 1373 727 1412 meo.

123 1437 182 1490 Ncn
192 1451 240 1507 ego
249 1432 363 1488 sidereus
375 1431 464 1487 affecte
474 1439 581 1505 teugere
590 1430 677 1487 sedes.

70 1517 95 1564 tc
160 1507 488 1582 Queiugiemdominum‚
509 1504 593 1571 nulia,
614 1506 667 1560 nisi
679 1506 746 1571 ista,
765 1506 831 1560 viae

124 1586 173 1638 Per
182 1583 263 1656 Styga
272 1583 348 1638 detur
358 1582 420 1647 iter,
441 1581 546 1655 Stygius
556 1580 735 1636 transibimus
746 1580 828 1635 undas

161 1657 220 1713 Sint
229 1657 296 1711 mihi
307 1664 415 1712 naturae
424 1656 483 1711 iure
493 1655 615 1711 novanda
625 1673 712 1711 meae.

125 1732 266 1805 Ingenium
280 1731 350 1786 male
364 1748 441 1802 saepe
455 1737 570 1788 movent.
601 1728 669 1796 Quis
678 1730 831 1786 crederetui

160 1824 164 1835 ·
551 1854 554 1859 .
639 1823 694 1871 em,

162 1878 389 1935 aiirieshominem
399 1897 504 1952 carpere
512 1823 676 1953 possedutae?

72 1964 97 2011 45
124 1953 275 2028 Remigium
286 1952 406 2009 volucres
416 1954 533 2027 disponit
541 1956 569 2010 iu
580 1954 673 2011 ordine
680 1971 795 2027 pennas.

163 2036 188 2084 ct
196 2029 253 2084 leve
262 2046 309 2102 per
318 2028 365 2083 lini
375 2028 482 2085 vincula
491 2032 570 2085 nectit
581 2046 664 2102 opus:

126 2106 233 2178 imaque
242 2122 303 2178 pers
312 2105 379 2160 ceris
389 2103 562 2180 adstringitur
571 2105 633 2178 igne
645 2103 757 2160 solutis:

163 2183 309 2253 finitusquc
318 2197 401 2237 novae
410 2180 463 2235 iam
474 2180 547 2235 labor
557 2179 620 2234 ertis
631 2187 696 2235 erat.

127 2256 263 2313 Tractabat
272 2272 411 2330 ceramque
419 2273 486 2328 puer
494 2271 649 2326 pennasque
658 2254 794 2320 renidens,

74 2342 99 2383 50
164 2332 270 2386 nescius
279 2333 343 2387 haec
351 2331 470 2386 humeris
479 2347 552 2385 erma
562 2337 652 2400 parete
661 2330 730 2385 suis.

128 2403 178 2458 Cui
187 2413 269 2474 pater,
289 2407 346 2471 His,
366 2405 463 2477 inquit,
483 2403 747 2477 petrieestedeunde
756 2402 830 2460 curin

166 2478 216 2531 hac
226 2479 302 2545 nobis
312 2480 398 2534 Minos
408 2479 573 2554 effugiendus
583 2496 643 2551 ope.

129 2551 461 2623 AerenonpotuitMincs3
483 2551 747 2609 eliaomniacleusit.

167 2624 305 2695 Qualicet,
326 2627 443 2686 inventis
452 2630 513 2682 cern
522 2630 709 2698 uimpcmeis.

113 2872 177 2886 4
