1770 2992
118 146 167 199 266
305 149 332 194 P.
353 147 481 194 ovum
498 147 667 196 NASONIS

66 261 104 307 345
118 249 406 306 Factibioonsueseat:
429 247 495 303 nihil
505 247 679 303 assuetudine
686 247 783 303 maius.

70 326 82 345 ‘
156 323 243 391 Quam
252 331 282 379 tu
292 322 357 378 dum
369 323 467 394 capias,
487 322 572 377 taedia
581 321 658 377 nulla
667 321 740 396 fuge

121 401 156 455 Te
166 396 379 470 semperrideat:
401 397 449 452 tibi
458 414 563 469 semper
574 397 699 468 praebeat
708 415 794 455 auree:

157 473 278 528 exhibeat
290 470 381 528 vultus
391 488 497 545 noxque
506 471 617 543 diesque
626 477 698 526 tuoe.

121 549 211 615 Quum
221 548 270 603 tibi
280 547 364 602 maior
376 546 425 600 erit
434 545 540 610 fiducia,
561 562 642 617 posse
653 545 766 618 requiri;

67 637 105 678 sno
157 633 215 677 tum
224 620 326 694 procul,
346 620 448 676 absenti
457 637 520 675 eura
529 619 649 686 iuturus,
669 622 732 675 eris.
760 648 770 665 ··

122 701 157 753 Da
168 697 301 768 requiem;
322 696 458 766 requietus
467 711 529 768 ager
537 694 606 749 bene
614 694 714 750 eredita
724 693 799 750 reddit

159 781 279 842 terraque
288 768 411 824 coelestes
421 768 493 824 arida
506 769 594 824 sorbet
603 786 699 841 aquae.

123 844 243 919 Phyllida
253 843 422 915 Demophoon
431 860 555 915 praesens
569 843 750 899 moderantius
758 839 802 897 ussi

158 917 329 974 exarsitvelis
338 919 425 973 aerius
434 917 566 972 illudatis.

70 1007 107 1048 355
124 992 279 1122 [Penelopen
290 993 386 1048 absens
396 991 488 1048 sollers
498 991 637 1064 torquebat
644 991 748 1048 Ulixes.

159 1067 226 1142 Phyl
237 1067 435 1133 aoidesaberat‚
455 1065 607 1133 Laodamia,
627 1065 715 1143 tuus]

123 1142 256 1198 Sedmora
265 1149 322 1198 tuta
331 1143 434 1198 brevis:
455 1141 603 1197 lentescunt
611 1147 800 1214 temporeourae

160 1217 330 1289 vanescitque
338 1216 443 1282 absens,
463 1224 489 1272 et
498 1234 584 1272 novus
594 1216 685 1284 intrat,
705 1234 781 1273 amor.

123 1293 193 1347 Dum
205 1291 339 1348 Menelaus
349 1290 432 1354 abest,
452 1290 558 1356 Helene,
579 1292 784 1348 nesolaiaoeret.

71 1378 109 1421 eso
160 1367 273 1438 hospitis
283 1372 322 1420 est
331 1365 418 1436 tepido
428 1372 502 1420 noete
510 1360 612 1436 reoepia
621 1367 696 1422 sinu.

124 1438 176 1508 Qui
185 1451 277 1512 stupor
287 1441 338 1505 hio,
359 1440 484 1505 Menelaid,
506 1439 574 1495 fuit?
592 1441 633 1496 Tu
645 1441 720 1497 aolus
729 1439 802 1496 abibas

161 1516 245 1571 isdem
255 1516 307 1570 sub
315 1515 389 1570 tectis
402 1515 498 1586 hospes
507 1524 532 1569 et
540 1532 608 1571 uxor
618 1525 703 1571 erant.

125 1591 248 1662 Accipitri
260 1590 470 1655 timidaseredis,
490 1589 598 1655 furiose,
619 1590 766 1658 columem

160 1664 271 1736 plenum
282 1673 406 1722 montano
415 1664 500 1720 credis
509 1665 578 1721 ovile
587 1663 662 1737 lupo.
682 1680 684 1685 ⁴

73 1751 110 1792 355
125 1739 168 1793 Nil
179 1739 275 1795 Helene
283 1747 386 1812 peceat3
407 1739 445 1796 nil
456 1740 499 1795 hio
508 1739 649 1796 oommittit
658 1740 766 1797 adulter.

161 1813 238 1879 Quod
246 1820 285 1880 tu,
306 1815 376 1886 quod
387 1814 481 1871 iaceret
488 1815 610 1889 quilibet,
631 1814 677 1871 ille
689 1815 756 1871 iacit.

125 1889 161 1944 Co
181 1888 203 1941 is
214 1886 383 1953 adulterium,
403 1888 491 1945 dando
499 1897 660 1962 tempusque
670 1889 802 1962 locumque

161 1905 229 2029 {aa
250 1962 303 2017 nisi
312 1963 423 2019 oonsilio
432 1972 472 2019 est
480 1983 529 2020 usa
538 1963 627 2037 puella
637 1964 703 2020 tno‘?

124 2037 195 2105 Quid
204 2035 299 2092 faciat?
310 2038 357 2094 Vir
362 2038 448 2108 ahest;
464 2039 802 2104 etadestnonrueticushoep

72 2125 110 2167 ero
161 2121 186 2169 et
196 2113 270 2168 timet
280 2113 307 2168 in
317 2131 400 2170 vacuo
410 2114 465 2170 sola
475 2115 572 2171 cubare
584 2123 649 2171 toro.

125 2190 226 2245 Viderit
237 2188 355 2244 Atrides:
376 2188 491 2244 Helenen
501 2207 549 2263 ego
559 2191 671 2245 crimine
681 2189 762 2247 solvo.

161 2265 213 2319 Usa
222 2272 262 2319 est
271 2265 382 2321 humani
392 2264 574 2320 commoditate
587 2265 650 2322 viri.

125 2338 176 2392 Sed
185 2355 271 2409 neque
280 2338 371 2394 fulvus
384 2356 447 2410 aper
456 2339 542 2395 modia
556 2347 609 2394 tam
620 2357 717 2396 saevus
726 2357 753 2394 m
763 2335 797 2390 ira

75 2428 80 2433 ·
163 2411 291 2467 iuimineo
301 2415 405 2468 rabidos
415 2431 501 2485 quum
511 2421 576 2469 rotat
587 2433 632 2470 ore
641 2432 733 2470 canes:

73 2496 111 2538 375
126 2503 173 2540 neo
184 2483 232 2550 lea,
246 2503 340 2557 quum
352 2488 446 2543 catulis
457 2487 612 2544 laetentibus
622 2491 704 2545 ubera
712 2485 802 2561 praebe

164 2576 211 2613 neo
220 2560 308 2615 brevis
319 2562 410 2635 ignaro
423 2563 513 2634 vipera
524 2563 592 2620 laesa
601 2565 681 2636 pede:

124 2633 221 2690 semina
232 2651 326 2709 quam,
352 2637 417 2694 sooii
427 2636 556 2712 deprensa
564 2639 657 2712 pellice
667 2639 734 2704 teeti,
