1770 2992
120 124 168 175 3¹2
302 125 322 170 1¹
354 120 481 171 ovum
498 122 669 170 NASONIS

156 222 348 297 exuedapalea
358 221 488 353 &guib
560 221 655 278 esuis.

65 314 90 355 55
119 303 168 356 Par
177 300 233 356 ervi
243 315 368 355 mensura
440 312 505 352 mm
574 297 733 354 atrebaris:

156 373 349 431 sadcumulent
357 371 440 427 libras
448 371 546 427 hordea
555 370 630 427 nuda
639 372 719 429 duas.

119 450 188 505 Haec
198 449 246 505 uhi
255 456 378 505 ventosas
387 445 485 502 fuerint
493 446 590 502 siccata
599 462 650 518 per
659 464 753 518 aurss;

157 523 226 580 lanta
235 524 298 579 iuba
307 522 399 578 scabra
408 520 512 596 frangat
521 519 602 576 asella
612 519 695 578 mola.

119 599 161 665 Et,
181 615 250 671 quae
260 598 346 670 prima
355 596 453 653 eadunt
462 596 548 651 vivaci
557 613 659 652 cornua
669 612 755 663 cerro,

66 687 90 729 55
155 681 273 729 contere:
294 673 323 727 in
332 672 396 727 haec
405 669 483 727 solidi
493 677 567 726 sexta
576 669 633 726 iace
642 672 712 727 assis
721 681 769 729 eat.

119 749 229 822 lamque
237 746 284 802 nbi
294 745 435 818 pulvereas
443 743 543 800 fuerint
551 743 664 802 confusa
674 745 777 814 farinae,

155 821 275 893 protinus
285 821 313 876 in
323 820 418 877 cribris
427 820 516 877 omnia
526 837 604 876 cerne
612 821 697 877 cavis.

118 896 208 952 Adiice
217 895 333 950 Narcissi
344 896 388 952 his
396 912 445 951 sex
453 895 512 950 sine
522 895 619 951 cortice
628 895 734 963 bulbos¹

156 977 418 1044 strenuequospurc
426 969 659 1026 marmoredcxtm
667 978 744 1028 terat:

66 1059 90 1101 55
119 1046 413 1118 sextantemqnetrahst
459 1045 597 1100 mmicum
607 1046 712 1103 semine
725 1049 803 1103 Tusca.

156 1120 213 1175 Huc
222 1121 313 1177 novies
326 1127 424 1192 tantcp
434 1137 468 1175 us
477 1119 526 1175 tibi
535 1118 624 1174 meliis
634 1128 686 1177 eat.

119 1194 298 1267 Quaecunque
308 1195 409 1250 adficiet
418 1193 463 1250 cli
472 1193 650 1251 medicamine
662 1196 775 1266 vultum

156 1267 268 1343 fulgebit
277 1268 384 1342 speculo
393 1267 475 1325 levior
485 1269 543 1341 ipsa
552 1286 614 1327 suo.

119 1344 173 1399 Nec
182 1352 211 1399 tu
220 1342 347 1417 pallentes
356 1343 448 1399 dubita
458 1350 554 1400 terrere
564 1344 683 1418 lupinos,

65 1431 91 1473 55
155 1425 181 1473 et
190 1417 270 1473 simul
280 1417 400 1474 inflantes
410 1436 517 1490 corpora
526 1417 594 1507 frige
604 1419 689 1477 fabas.

119 1492 235 1565 Utraque
245 1511 292 1548 sex
301 1492 423 1560 habeant,
444 1493 703 1566 asquouscrimim,
724 1494 802 1559 libram

156 1576 268 1640 utraque
276 1569 310 1624 dn
323 1568 407 1642 nigris
419 1568 624 1624 comminuenda
634 1569 724 1627 molis.

119 1642 173 1698 Nec
181 1660 287 1698 cerussa
298 1643 356 1708 tibi,
378 1643 497 1699 necnitri
507 1660 604 1716 spuma
614 1645 735 1701 rubentis

155 1717 231 1784 desit,
252 1726 277 1774 et
286 1717 390 1792 Illyrica
400 1736 469 1792 quac
477 1718 606 1774 venitiris
616 1718 710 1776 humo.

65 1801 91 1844 75
118 1792 156 1846 Da
165 1791 260 1847 validis
271 1793 402 1849 iuvenum
410 1794 508 1867 pariter
516 1793 666 1869 subigenda
676 1794 785 1851 lacertis:

155 1864 202 1919 sed
211 1865 313 1921 iustum
323 1868 390 1922 tritis
401 1869 480 1924 uncia
488 1869 593 1942 pondus
603 1867 662 1925 erit.

118 1938 213 1995 Addita
222 1938 255 1994 de
263 1939 375 2011 querulo
387 1941 527 1999 volucrum
537 1944 713 2000 medicamina
722 1943 779 1999 nido

154 2031 199 2070 orc
207 2012 301 2090 fugant
310 2015 442 2072 maculas·
464 2018 612 2093 Halcyones
622 2027 727 2075 vocant.

119 2089 244 2157 Pondere,
264 2090 439 2165 quiquaeris,
459 2109 515 2164 quc
524 2094 576 2148 sim
585 2099 726 2148 contentus
736 2090 825 2151 inillis,

66 2178 90 2220 55
154 2166 227 2240 qued
235 2167 315 2223 trahit
324 2167 353 2223 in
362 2173 449 2239 partes
459 2167 538 2224 uncis
548 2175 621 2222 sexta
630 2166 710 2224 duas.

118 2240 152 2296 Ut
161 2244 261 2309 sciant,
281 2250 394 2317 aptaque
404 2242 451 2299 lini
460 2259 623 2316 percorpnm
631 2244 751 2313 possin23

155 2314 238 2371 adiice
247 2317 280 2372 de
288 2317 364 2374 flavis
374 2317 458 2374 Attica
467 2316 545 2373 melia
555 2315 632 2372 isvis.

119 2387 248 2455 Quamvis
257 2397 316 2446 turs
328 2394 390 2449 deos
400 2393 518 2464 irataque
527 2391 638 2446 numina
648 2390 765 2463 pincent3

156 2479 209 2517 non
218 2470 305 2517 tamen
315 2467 431 2521 accensis
440 2467 528 2523 omnia
538 2465 624 2521 danda
635 2465 709 2523 focis.

66 2545 91 2587 55
120 2536 173 2591 Tus
183 2536 229 2591 ubi
240 2536 378 2591 miscueris
388 2541 488 2595 radenti
496 2542 588 2595 tubera
600 2541 683 2609 nitr0;

155 2609 317 2681 ponderibus
327 2611 404 2666 iustis
414 2612 455 2670 iac
464 2616 500 2670 sit
508 2616 644 2690 utrimque
653 2617 744 2670 triens.
