1770 2992
95 148 298 198 monam.
322 150 378 196 ΕΡ.
393 151 460 194 XXI.
594 144 638 198 {2⁴

95 267 122 316 a,
142 248 246 304 caussis
255 266 308 305 non
318 249 520 320 apparentibus,
539 249 641 305 haeret:

95 323 169 380 nulla
182 323 250 378 fessa
263 323 392 377 medentis
400 339 459 393 ope.

95 416 149 456 uua
170 397 296 474 gracilem
315 398 363 453 vix
382 397 446 451 baec
464 397 615 464 rescribere,

434 488 570 543 quamque
672 485 697 528 ¹5

104 547 196 604 cubito
204 547 324 602 membra
334 545 420 600 levare
428 544 526 618 putas?

95 623 172 688 edit,
192 623 313 694 nequis,
334 621 387 676 nisi
397 622 501 676 eoueciu
511 623 611 687 nutrix,

95 696 418 755 obisseutiatessevioes.

96 774 139 828 det
156 773 235 837 baec,
256 771 324 844 quid
341 786 473 845 agamque
490 773 644 844 rogantibus

435 846 518 910 intua,

95 929 149 978 tutu
157 921 287 986 seribere,
308 919 424 986 Dormit,
444 921 490 975 ait.
674 935 699 977 πο

96 997 152 1051 :reti
166 996 244 1069 longe
253 1013 348 1050 caussa
357 995 472 1067 optima,
492 1012 604 1052 somnus

96 1070 159 1126 ardu
169 1071 266 1126 desiuit
275 1087 332 1125 esse
342 1087 425 1135 mora,

96 1146 276 1218 evidet,quos
286 1145 481 1201 nonadmittere
489 1144 588 1200 durum
598 1154 645 1200 est·

96 1229 120 1276 et
128 1221 186 1275 ficta
200 1221 244 1275 dat
253 1221 320 1295 ruihi
330 1221 407 1295 signa
416 1227 487 1275 nota.

97 1312 241 1367 properans
251 1296 331 1350 verba
340 1294 491 1366 imperfecta
501 1293 636 1367 relinquo.
677 1306 702 1350 25

96 1369 187 1442 tepido
196 1369 268 1424 litera
278 1378 353 1424 cauta
364 1371 437 1423 sinu.

96 1446 160 1518 gitos
170 1446 266 1499 iterum
275 1445 384 1514 repetita
394 1441 495 1515 fatigat.

96 1520 211 1585 itnobiS,
233 1518 348 1590 adspicis
360 1517 432 1589 ipse,
454 1515 536 1571 labor.

96 1613 122 1660 a,
143 1594 359 1668 sidiguuseras‚
380 1598 411 1647 ut
420 1609 482 1647 vera
492 1591 646 1664 loquamur3

104 1671 187 1735 iusto,
207 1686 344 1742 quamque
354 1667 477 1733 mereris,
498 1685 555 1743 ego.
679 1680 704 1724 3⁰
788 1662 792 1672 '

96 1762 129 1799 er
137 1744 212 1799 toties
223 1745 321 1798 incerta
330 1743 423 1798 salutis

96 1837 103 1874 ς
113 1836 211 1892 poenas
223 1817 311 1891 doque
319 1819 433 1892 dedique
443 1817 516 1873 tuis?

96 1910 174 1949 irmae
181 1902 207 1948 te
217 1893 350 1950 laudatore
359 1895 488 1967 superbae

96 1968 203 2025 nerees‘?
221 1977 246 2024 et
254 1969 386 2040 placuisse
395 1968 488 2026 nocet?

96 2046 148 2110 ais,
168 2043 371 2116 quodmaliem,
391 2045 449 2101 visa
459 2043 579 2108 fuissem,
680 2054 705 2096 35

96 2118 169 2174 nulla
178 2137 275 2190 eorpus
284 2128 370 2193 egeret
379 2138 437 2190 ope.

96 2211 205 2267 rgem0;
227 2211 300 2249 nunc
310 2211 353 2249 me
362 2192 506 2248 certamine
514 2201 601 2247 vestro

96 2278 120 2323 et
131 2269 238 2340 proprio
248 2267 374 2324 vulneror
384 2268 442 2338 ipsa
449 2267 530 2322 bono.

97 2343 210 2408 ucedis,
232 2341 621 2414 neceeputatilleaecundum,

97 2417 255 2483 istaeillius,
276 2417 320 2472 ille
328 2418 392 2472 tuis.
681 2423 706 2469 to

97 2495 182 2559 ravis,
204 2493 299 2559 iactor,
320 2511 402 2566 quam
411 2498 498 2547 certus
509 2492 537 2547 in
550 2491 633 2546 altum

97 2575 190 2632 tereus,
212 2575 299 2622 aestus
308 2575 333 2622 et
342 2567 414 2622 unda
424 2565 515 2621 refert:

97 2660 119 2696 es
128 2644 196 2699 caris
206 2650 292 2714 optata
303 2641 461 2718 parentibus
467 2642 565 2709 instat,
