1770 2992
159 139 208 193 204
344 143 375 188 Ρ.
396 143 523 190 0v11>11
540 140 711 190 Nuuouls

105 259 130 301 ιο
196 245 344 318 ingenuum
354 243 421 298 duru
429 260 526 314 ponere
534 259 632 315 corpus
641 243 740 300 humo.

158 319 229 393 Ergo
241 335 290 448 epp
299 319 387 374 nescio
396 318 455 385 cui,
475 333 556 390 quem
566 324 596 372 tu
605 317 749 390 complexa
758 320 874 384 tenebas,

198 411 264 448 excu
284 392 457 458 uicluusum,
478 409 572 446 servus
582 399 626 457 ut,
648 400 711 448 autc
720 392 845 450 domum.

159 468 221 525 Vidi
230 485 292 542 ego,
313 484 399 540 quum
409 465 511 522 toribus
522 464 610 520 lassus
618 465 740 537 prodiret
749 478 858 534 amator.

197 541 346 600 invalidum
356 541 470 597 reterens
479 539 674 612 emeritumque
683 538 767 598 lctus.

107 631 133 674 1⁵
160 619 215 673 Hoc
224 625 362 672 tamenest
375 615 854 744 levius,quumqu0‹ilpumvisuucb

634 706 693 747 ιο.

197 764 309 821 Eveniat
319 764 416 820 nostris
426 764 549 820 hostibus
559 762 603 831 illc
612 763 710 836 pudor.

161 839 273 908 Quando
282 857 330 914 ego
340 857 393 893 non
403 839 474 894 fixus
483 837 557 894 lateri
566 839 706 911 spatiantis
717 840 838 907 adhaesi.

199 914 256 985 ipse
265 921 329 969 tuus
337 920 442 979 custos,
463 913 585 986 ipscvir,
605 913 664 985 ipsc
672 915 785 972 comcs?

162 988 265 1045 Scilicet
275 997 305 1043 ut
313 987 411 1061 populo
420 1005 468 1059 per
477 1005 520 1044 me
528 987 650 1044 comitutu
659 987 797 1061 placebas,

108 1077 133 1121 20
198 1080 292 1118 caussa
302 1062 352 1119 tuit
361 1061 452 1118 multis
462 1063 656 1119 nosteramcris
670 1081 756 1120 amor.

162 1138 262 1210 Turpia
271 1138 338 1210 quid
347 1137 457 1193 referam
467 1155 550 1193 vanae
559 1137 697 1194 mendacia
706 1137 828 1215 liuguuc¹

199 1221 224 1268 et
232 1213 378 1284 periuratos
388 1212 415 1266 iu
429 1229 486 1266 meu
496 1211 595 1267 ‹lumnc
604 1211 688 1269 deos?

162 1288 230 1361 quid
240 1289 368 1344 iuvenum
377 1286 468 1342 tacitos
478 1286 546 1341 inter
554 1287 678 1344 convicia
688 1295 786 1355 nutus,

199 1362 334 1435 verbaque
343 1361 496 1433 compositis
504 1361 672 1419 dissimulata
683 1362 775 1419 notis?

109 1451 134 1495 25
162 1439 235 1494 Dicta
253 1446 313 1495 erat·
325 1454 402 1512 aegra
422 1435 503 1492 mihi:
529 1453 655 1510 praeceps
674 1454 824 1522 mucusque
843 1457 879 1496 cu«

636 1530 720 1569 cum.

199 1588 281 1658 Veni3
302 1587 414 1644 ctrivcli
424 1605 478 1643 non
488 1594 628 1662 eratuegru
641 1605 711 1645 mco.

163 1665 225 1730 His,
246 1671 271 1718 et
280 1681 348 1736 quac
357 1671 442 1730 tacco,
463 1662 557 1718 duravi
567 1679 645 1734 suepc
654 1661 782 1719 terendis.

200 1737 301 1805 Quaere
310 1737 408 1805 ulium,
428 1756 477 1810 prc
485 1755 529 1792 mc
537 1737 586 1810 qui
595 1736 659 1793 velit
668 1738 718 1793 istu
726 1737 794 1810 pati.

163 1814 219 1868 ium
229 1829 301 1876 mea,
321 1812 409 1868 votiva
422 1813 521 1885 puppis
534 1811 655 1868 redimita
667 1830 775 1878 corona,

111 1897 136 1941 tc
201 1884 447 1941 lactatumescentes
457 1887 580 1960 aequoris
589 1886 663 1943 cudit
671 1904 767 1960 aquas.

163 1959 258 2018 Desine
267 1959 408 2015 blanditias
418 1968 442 2014 et
452 1963 546 2029 verba,
566 1962 681 2033 potentia
691 1961 837 2035 quondum,

199 2034 318 2108 perdere.
347 2036 406 2093 Non
416 2052 465 2110 ego
475 2055 538 2091 sum
546 2035 658 2102 stultus,
678 2045 710 2092 ut
719 2045 781 2093 unte
789 2036 837 2092 fui.

163 2112 322 2177 Luctantur,
342 2117 487 2184 pectusque
501 2111 557 2167 leve
567 2112 595 2166 in
604 2113 734 2168 contrariu
747 2111 847 2168 ducunt

200 2187 249 2242 huc
259 2204 346 2252 amor,
366 2186 416 2241 hac
424 2187 529 2244 odium:
550 2186 606 2252 scd,
625 2193 700 2258 puto,
721 2187 880 2243 vincetumct

110 2273 135 2316 35
163 2261 263 2329 odero,
283 2262 307 2317 si
319 2269 421 2335 putero:
441 2261 465 2317 si
475 2280 542 2327 non,
562 2260 664 2317 invitus
674 2263 779 2318 amabo.

200 2338 254 2392 Nec
266 2336 329 2410 iugc
338 2346 429 2393 taurus
440 2344 522 2392 amat:
543 2353 611 2408 quac
622 2344 710 2392 tamen
725 2337 792 2402 odit,
812 2332 879 2390 habu

163 2410 315 2483 Nequitiam
325 2411 412 2484 fugio:
433 2411 578 2486 fugientem
589 2409 672 2467 forma
685 2411 796 2468 reducit.

201 2486 315 2544 Aversor
323 2503 429 2540 morum
438 2487 563 2541 crimina:
583 2503 680 2559 corpus
691 2506 760 2544 amo.

164 2560 208 2615 Sic
217 2576 265 2632 ego
276 2575 323 2613 nec
331 2559 389 2614 sine
398 2568 431 2624 tc,
453 2568 595 2615 uectecum
605 2563 828 2636 vivercpossum
861 2582 866 2593 ’

111 2638 135 2686 tc
200 2641 225 2690 et
235 2631 325 2692 videor
333 2634 387 2694 voti
396 2633 503 2693 nescius
512 2636 644 2692 ccccmci.
