1770 2992
122 118 171 173 328
364 120 615 167 consonano

121 221 156 278 At
165 218 214 276 tibi
223 219 267 276 ius
276 218 368 276 veniae
378 227 507 293 superest,
528 219 683 284 Germania
701 212 785 272 nuru

158 294 452 367 Postmodotupoenas,
472 294 593 362 barbare,
614 289 768 350 mortania.
807 332 811 365 ,

121 369 495 445 Adspiciamregumliventia
504 367 690 438 collocutoris,
808 372 811 385 '

158 446 279 518 duraque
286 461 335 517 per
346 461 437 500 saevas
446 443 556 501 vincula
564 460 635 500 nexa
643 459 744 498 manus:

68 533 107 576 275
121 528 147 577 at
155 519 262 577 tandem
271 519 386 590 trepidos
395 518 501 576 vultum:
522 516 606 591 inque
616 517 768 574 illalerocum

159 594 251 650 invitis
260 593 382 649 lacrimas
393 592 511 648 decidere
518 610 565 649 ora
576 593 665 668 genis.

122 669 236 740 Spiritus
249 666 408 732 illeminax,
429 675 455 722 et
463 667 541 722 Drusi
551 676 637 724 morte
645 665 770 740 superius,

159 742 275 798 carnifici
284 741 313 796 in
322 748 423 797 moesto
431 759 532 798 carcere
541 741 647 798 dandus
660 743 716 798 erit.

123 816 281 881 Consistam,
304 814 434 888 laetisque
442 815 535 881 oculis,
556 815 699 890 lentusque
706 813 782 874 videbo

68 905 107 949 rto
158 898 236 946 strata
244 906 292 962 per
300 890 443 946 obscaenas
452 908 560 963 corpora
570 893 643 947 nuda
652 893 719 951 viasr

121 968 198 1022 Hunc
206 963 309 1021 Aurora
317 965 397 1032 diem,
418 965 566 1037 spectacula
576 973 649 1022 tanta
661 967 778 1027 ferentem,

158 1056 240 1113 quam
252 1040 371 1113 primum
380 1040 477 1096 croceis
487 1040 589 1096 roscida
598 1050 683 1113 portet
690 1039 766 1117 equis.

121 1113 212 1171 Adiice
220 1115 345 1182 Ledaeos,
364 1115 502 1171 concordia
511 1114 608 1182 sidera,
628 1116 731 1172 iratres:

158 1189 309 1263 templaque
317 1191 436 1246 Romano
444 1190 631 1262 conspicienda
641 1190 706 1247 loro.

67 1277 106 1321 285
121 1266 208 1333 Quam
217 1282 300 1337 parvo
308 1282 433 1321 numeros
442 1264 564 1337 implevit
571 1266 703 1337 principis
712 1281 774 1326 aero.

158 1341 187 1396 in
197 1340 309 1414 patriam
315 1339 415 1395 meritis
425 1339 602 1411 occubuitque
615 1341 711 1396 senexl

121 1415 391 1486 Necsuaconspiciet,
412 1415 540 1469 miserum
550 1415 606 1468 me!
625 1414 811 1471 muneralium

159 1508 207 1545 nec
215 1507 265 1545 sua
273 1507 336 1562 prae
344 1488 436 1561 templi
446 1489 554 1546 nomina
564 1487 649 1544 fronte
660 1488 733 1562 leget.

120 1564 203 1637 Saepe
212 1566 289 1630 Nero,
312 1563 489 1630 illacrimans,
509 1561 811 1633 submissavoccloquetu

67 1650 106 1693 2⁹0
158 1639 212 1696 Cur
220 1639 285 1695 adeo
294 1637 395 1706 iratres,
414 1639 481 1695 haul
499 1638 558 1693 sine
566 1636 654 1702 fratre,
678 1635 755 1692 deos‘l

122 1715 214 1770 Certus
224 1732 291 1781 eras,
311 1732 461 1787 nunquam,
474 1713 526 1769 nisi
535 1713 628 1777 victor,
643 1713 735 1778 Druse,
750 1710 811 1764 rererl

157 1790 413 1845 Haectedebuerant
421 1797 552 1860 tempora:
573 1786 657 1842 victor
667 1804 733 1842 eras.

120 1861 235 1918 Consule
244 1881 302 1928 nos,
313 1863 380 1918 duce
391 1882 449 1930 nos,
463 1864 529 1919 duce
541 1863 595 1916 iam
603 1862 711 1928 victore,
723 1869 811 1916 caremu

158 1936 260 1991 invenit
268 1953 301 1991 en
311 1943 363 1991 tota
372 1955 474 1994 moeror
484 1939 512 1992 in
522 1938 587 1992 urbe
596 1936 695 1992 locum.

67 2021 106 2066 295
120 2009 154 2067 At
163 2009 289 2067 comitum
298 2009 421 2082 squalent
431 2012 560 2067 immissis
572 2029 617 2068 ora
628 2011 741 2083 capillis,

157 2085 260 2154 infelix,
280 2086 488 2160 Drusosedpia,
509 2089 595 2153 turba,
617 2104 676 2142 suo.

120 2162 240 2231 Quorum
249 2162 362 2236 aliquis,
382 2162 492 2218 tendens
502 2162 566 2217 inte
579 2180 629 2217 sua
638 2161 758 2225 brachia,
776 2155 811 2212 dir

158 2238 278 2296 Cursine
287 2257 338 2306 me,
359 2238 455 2294 cursio
465 2237 633 2293 incomitatus
644 2235 722 2292 abis?

121 2311 191 2377 Quid
200 2313 309 2370 referam
319 2315 352 2369 de
360 2322 394 2380 te,
414 2313 572 2388 dignissima
581 2312 695 2384 coniuge
704 2313 794 2372 Druso,

68 2397 106 2440 too
157 2393 236 2456 atque
245 2388 336 2442 eadem
345 2390 424 2445 Drusi
433 2388 514 2462 digna
523 2394 630 2460 parente
641 2384 745 2441 nurus?

120 2460 170 2513 Par
179 2460 246 2528 bene
257 2463 447 2532 compositum
468 2464 596 2518 iuvenum
611 2459 774 2516 fortissimus
782 2454 811 2511 alt

158 2530 237 2586 altera
248 2539 301 2587 tam
309 2535 368 2590 forti
378 2545 471 2591 mutua
481 2555 543 2592 cura
552 2536 620 2591 viro.

119 2605 231 2660 Femina
240 2612 269 2659 tu
278 2609 417 2682 princeps,
439 2617 468 2666 tu
480 2609 535 2665 lilia
544 2609 676 2665 Caesaris:
699 2609 738 2665 illi
