1770 2992
121 126 169 178 {32
307 129 337 173 P.
360 127 487 174 ovmn
504 127 675 174 Nesoms

119 232 197 287 Laeta
208 226 382 300 triumphanti
391 226 424 282 de
433 243 541 283 summo
552 228 638 285 Mater
650 227 710 304 Olyi

65 314 90 360 tu
155 304 275 377 plaudet,
296 302 710 376 steppositnsspargetiuorarc

120 381 173 443 Tu,
195 394 424 451 pennnsgemurn‚
444 377 710 451 gemmavarisntect

157 455 209 509 ibis
219 453 247 508 in
257 453 356 508 auratis
366 468 463 507 eureus
472 452 530 524 ipse
539 451 615 508 rotis.

120 531 189 585 Tum
199 525 709 601 qucqusnonpaucos‚sitebsnencvi

158 613 216 659 tum
225 619 333 674 quoque
343 601 503 673 praeteriens
512 600 627 657 vulnera
635 602 710 658 mult

67 688 93 734 45
121 681 313 750 Nonpcssunt,
334 675 550 748 licetipssvelis,
570 693 710 732 cessamc

160 751 271 808 Fervida
279 752 368 807 vicino
377 748 485 807 flamme
494 768 592 823 vapore
602 762 688 808 nocet.

122 828 193 883 Talis
203 835 259 883 erut
267 826 367 884 domitu
375 826 494 882 Bacchus
504 825 653 900 Gangetide
662 835 710 881 terr

158 904 199 959 Tu
209 902 299 976 gravis
308 900 430 966 alitibus,
451 901 566 975 tigribus
575 900 621 956 ilie
630 900 691 957 fuit.

84 995 89 1008 ·
122 979 206 1052 Ergo,
227 994 313 1051 quum
323 976 423 1048 possim
434 976 503 1031 sacri
512 993 575 1048 pars
584 993 645 1032 esse
654 977 710 1032 triu

69 1065 93 1107 sc
158 1069 235 1124 parce
244 1060 302 1108 tuns
312 1052 340 1106 in
350 1068 393 1106 me
401 1050 522 1123 perdere,
542 1051 640 1118 victur,
661 1069 709 1124 ope

123 1127 235 1199 Adspice
247 1127 350 1202 cognati
361 1125 446 1182 felicia
455 1125 575 1182 Caesaris
585 1143 669 1182 arma.

159 1202 216 1270 Qun
226 1202 321 1264 vincit,
343 1203 425 1257 victus
434 1200 548 1276 protegit
556 1200 602 1256 ille
611 1219 704 1257 mauu.

310 1375 550 1432 ELEGIA
598 1378 660 1433 ΙΙΙ.

123 1493 198 1556 Iusta
208 1516 312 1572 precor:
333 1514 403 1571 quae
411 1514 455 1552 me
464 1506 549 1570 nuper
558 1498 710 1570 praedatsp

160 1583 301 1640 autumet,
322 1571 468 1638 nutiaciet,
489 1590 537 1629 cur
547 1591 595 1647 ego
605 1590 711 1647 semper

124 1651 165 1706 Ah
176 1651 290 1705 nimium
300 1647 387 1704 volui!
408 1654 512 1704 tantum
522 1648 638 1721 patiatur
647 1666 710 1704 ama:

161 1725 282 1780 Audierit
291 1731 394 1780 nostras
402 1730 440 1779 tot
449 1721 577 1798 Cytherea
586 1739 687 1795 preces.

71 1814 82 1856 5
124 1801 232 1871 Accipe,
252 1816 300 1872 per
309 1798 402 1873 longos
413 1798 459 1854 tibi
472 1799 520 1871 qui
533 1798 665 1854 deserviat
674 1817 708 1854 un

161 1873 262 1946 accipe,
283 1874 407 1947 quipurn
417 1873 486 1930 norit
498 1890 586 1928 amnne
596 1873 656 1929 fide.

125 1950 152 2005 Si
165 1965 207 2003 me
217 1966 270 2004 non
279 1957 398 2004 veterum
407 1948 593 2004 commendant
601 1966 710 2023 magnaj

162 2024 283 2088 nomina,
304 2024 328 2079 si
338 2025 420 2081 nostri
432 2024 572 2097 sanguinis
582 2032 710 2095 auctoreq

126 2117 173 2155 nec
185 2117 260 2155 meus
273 2099 422 2155 innumeris
432 2106 574 2154 renovatur
585 2116 710 2171 cumpust

71 2187 97 2229 10
162 2184 288 2248 temperat
296 2183 322 2230 et
330 2183 436 2230 sumtus
445 2191 541 2246 parcus
552 2183 663 2245 uterque
672 2191 710 2245 pur

125 2259 151 2304 at
160 2252 295 2316 Phoebus,
316 2251 478 2321 comitesque
488 2266 597 2315 novem,
619 2250 710 2321 vitisqr

163 2324 336 2390 nocuerunt,
357 2332 396 2389 et,
417 2342 460 2379 me
471 2324 520 2397 qui
528 2325 577 2379 tibi
587 2325 680 2389 donat,
701 2339 710 2378 t

126 2409 152 2456 et
161 2399 227 2455 nulli
238 2416 343 2455 cessura
354 2398 433 2466 fides3
454 2400 513 2455 sine
521 2399 632 2454 crimine
642 2417 710 2454 more

164 2475 289 2547 nudaque
298 2472 469 2544 simplicitas,
489 2492 710 2546 purpureusque]

73 2562 98 2604 ¹5
126 2553 185 2608 Non
195 2550 262 2605 mihi
272 2547 345 2603 mille
354 2545 470 2619 placent:
493 2568 545 2605 non
556 2568 618 2605 sum
633 2549 709 2604 deser

164 2629 204 2682 Tu
215 2624 295 2689 mihi,
317 2622 341 2678 si
351 2640 404 2697 qua
414 2622 494 2689 fides,
514 2642 578 2679 curn
587 2624 710 2694 perennis
