1770 2992
118 186 167 239 3⁰6
302 191 330 236 1³.
351 188 480 237 ovmn
497 184 668 237 NASONIS

118 292 176 347 Non
187 305 236 364 ego
245 288 381 346 Dulichios
391 287 480 346 iurisli
490 306 564 344 more
576 290 689 364 sagittus

64 378 103 421 too
155 381 204 421 nco
212 375 301 437 reptas
311 363 398 420 ausim
408 363 510 438 tingere
518 364 547 419 in
558 381 639 420 omne
648 364 734 422 isoes:

120 457 168 497 nec
177 457 227 496 nos
237 456 385 512 purpureos
394 438 471 511 pueri
479 438 662 494 resecabimus
672 438 742 495 eles:

156 531 206 571 nec
214 512 672 571 secerertemeelexiorercuserit.

120 588 270 646 Consilium
278 596 327 656 est.
345 587 610 661 quodcunqueoano.
630 589 723 645 Perote
731 583 830 645 monenti

157 672 242 738 utque
249 664 324 730 iscis,
342 662 451 735 coeptis,
471 661 576 718 Phoebe
584 660 703 730 saluber,
724 663 790 719 sdes.

67 751 106 795 too
120 739 243 795 Phoebus
251 738 338 794 adest:
359 753 471 794 sonuere
481 735 567 812 lyre03
588 754 703 794 sonuere
716 737 831 811 pharetrae

160 813 242 887 Signo
250 812 332 868 deum
342 829 422 869 nosoo
434 830 481 886 per
489 828 553 869 sue:
573 811 698 868 Phoebus
707 813 786 869 adest.

122 887 216 945 Confer
225 886 376 962 Amyclaeis
386 887 546 945 meiioatum
560 884 650 943 vellus
662 887 754 944 ahenis

157 961 259 1018 murice
266 979 331 1018 oum
339 961 434 1039 Tyrio:
449 962 556 1034 turpius
565 961 704 1020 illuderit.

121 1037 175 1093 Vos
184 1053 293 1110 quoque
303 1037 426 1095 formosis
435 1045 536 1095 vestros
546 1036 664 1093 conferte
672 1036 784 1110 puellos:

68 1123 107 1167 tto
159 1112 268 1185 incipiet
277 1113 400 1170 domines
409 1127 545 1185 quemque
553 1111 654 1183 pudere
662 1129 736 1170 sues.

122 1188 239 1260 Utraque
249 1187 378 1244 formosae
386 1187 473 1243 Poridi
483 1192 593 1259 potuere
601 1186 703 1244 rideri:

161 1261 401 1319 sodsibioolietem
410 1261 737 1334 vicitutremquet'enus.

124 1336 388 1407 Neosolemiaciem3
408 1353 495 1394 mores
504 1353 614 1409 quoque
622 1336 712 1393 confer
721 1341 819 1394 stertet:

160 1420 266 1469 tentum
278 1411 377 1468 iudicio
388 1428 423 1468 ne
431 1418 495 1468 tuus
505 1411 591 1468 obstet
600 1428 685 1468 emor.

70 1499 110 1543 115
124 1487 263 1563 Exiguum
272 1494 321 1554 est,
334 1486 406 1560 quod
414 1485 624 1545 deindecsnom:
635 1487 684 1542 sed
692 1485 786 1560 profuit
792 1479 831 1538 illu

161 1563 291 1638 exiguum
301 1562 409 1619 multis:
429 1560 458 1616 in
469 1561 571 1633 quibus
581 1559 698 1634 ipseiui.

124 1637 227 1710 Scripta
235 1655 299 1696 cavo
307 1636 408 1712 releges
416 1636 528 1692 blandae
537 1636 764 1708 servetepuelloe:

162 1720 312 1770 constantes
321 1713 425 1769 animos
435 1712 532 1785 scripte
541 1710 635 1767 relecto
645 1720 762 1769 movent.

125 1786 223 1842 Omnia
234 1805 304 1859 pone
311 1788 390 1854 ieros,
410 1787 535 1860 quamvis
544 1786 657 1853 invitus,
678 1787 801 1863 inignee:

70 1872 111 1916 tto
161 1868 187 1915 et
196 1860 248 1926 dic,
268 1861 377 1917 Ardoris
387 1862 423 1917 sit
432 1880 513 1936 rogus
524 1861 574 1916 ists
585 1862 649 1919 mei.

125 1934 246 1991 Thestias
256 1936 391 1991 absentem
401 1936 537 1992 succendit
549 1937 638 2009 stipite
647 1944 756 1994 natum:

163 2009 725 2082 tutimideflemnrispertidsverbodabisi

126 2087 154 2142 Si
164 2093 248 2160 potos,
268 2094 293 2142 et
301 2103 373 2142 ceras
383 2102 498 2174 remove.
530 2085 601 2153 Quid
609 2086 731 2174 imagine
739 2090 809 2142 mute

72 2247 112 2291 12.
125 2160 820 2310 ..tuttiititt¹titt³tttnttt.....

164 2314 331 2371 concubitus.
360 2314 475 2371 Crussos
484 2310 530 2366 ilie
539 2311 638 2366 doloris
647 2311 758 2367 hebent.

127 2386 249 2456 iliciuit3
271 2388 315 2444 hic
324 2390 431 2446 cubuit:
452 2385 569 2444 thalamo
578 2385 758 2444 dormivimus
767 2385 828 2441 isto:

165 2461 209 2516 hic
218 2461 285 2515 mihi
296 2463 394 2519 lasciva
404 2463 501 2538 gaudia
511 2469 586 2518 nocte
595 2461 677 2516 dedit.

129 2531 274 2591 Admonitu
282 2547 418 2593 revocetur
427 2555 515 2598 emor:
536 2536 693 2609 vulnusque
706 2543 831 2595 novatum

75 2619 115 2665 tto
166 2609 305 2666 scinditur.
333 2612 450 2666 infirmis
459 2611 659 2684 ceussopusilia
674 2620 760 2668 nocet.

123 2685 164 2759 Ut,
183 2705 274 2765 poene
284 2688 440 2751 extinctum
448 2687 572 2746 cinerem
579 2683 831 2752 exstitissemus..
