1770 2992
120 138 169 192 2⁴8
307 140 336 185 P.
357 139 486 186 ovum·
501 139 671 186 NASONIS

156 241 259 307 parthe,
273 239 376 296 melum
385 240 440 294 iam
449 256 524 294 nunc
532 240 605 295 Mers
613 245 679 294 tuus
687 257 760 296 emen
770 240 811 296 hei

119 319 190 390 Ergo
200 316 249 371 erit
257 314 303 370 illa
311 314 515 401 dieenquetu,
575 312 811 380 ieherrimeremm

156 398 280 464 quattuor
288 390 316 445 in
328 390 413 445 niveis
423 406 520 444 eureus
532 388 537 400 '
559 388 682 462 inquis.

66 479 105 521 215
119 468 200 522 Ibunt
208 473 267 521 ente
276 465 357 521 duees
366 463 465 521 onerati
475 461 541 519 eolla
551 462 666 534 eatenie;

158 559 192 597 ne
201 541 305 613 possint
313 539 377 606 tuti,
398 539 552 612 queminus,
572 537 716 614 eemiuge.

121 616 281 690 Spectabunt
289 615 399 670 iuvenes
410 613 483 682 laeti,
503 613 654 686 mistaeque
661 612 775 686 puellee:

157 687 725 761 diffundetqueenimosemnibueiliadiee.

122 765 208 837 Atque
217 763 306 836 alique
316 762 413 818 exiliis
423 780 509 836 quum
518 779 613 837 regum
627 765 811 838 nominequaer

68 852 107 895 225
158 854 228 910 quae
240 836 310 902 loca,
329 838 505 910 quimontes‚
525 855 629 910 quaeve
638 836 755 897 terantur
762 854 811 910 aqui

122 913 211 968 omnia
221 911 363 984 responde:
385 930 433 967 nec
444 920 548 968 tentum
558 913 582 967 si
592 914 771 992 quamgabit3

159 993 186 1042 et
194 1003 263 1059 quae
276 986 417 1053 nescieris,
437 994 469 1042 ut
478 987 547 1042 bene
555 995 618 1043 nete
626 987 706 1046 refer.

122 1062 170 1116 Hie
179 1069 219 1116 est
226 1061 389 1134 Euphrates,
409 1061 576 1134 praecinctus
586 1063 720 1120 arundine
727 1063 811 1120 frontet

159 1137 202 1193 eui
212 1154 287 1193 eome
296 1136 425 1210 dependet
433 1136 552 1202 merula,
573 1137 662 1212 Tigris
671 1138 732 1195 erit.

69 1224 108 1268 225
122 1213 175 1269 Hos
185 1211 227 1267 fae
235 1211 390 1267 Armenios:
410 1211 475 1266 haee
484 1219 524 1266 est
531 1212 647 1268 Danaeia
655 1213 758 1270 Persis:

159 1287 224 1343 urbs
234 1286 263 1343 in
272 1285 456 1342 Achaemeniis
467 1285 585 1343 vallibus
594 1287 645 1342 ista
655 1286 717 1345 fuit.

123 1362 179 1430 Ille,
199 1361 241 1418 vel
251 1360 305 1428 ille,
325 1360 419 1416 dueee:
440 1367 466 1415 et
474 1368 561 1427 erunt,
576 1378 646 1434 quae
658 1364 767 1420 nemine
775 1363 811 1418 die

160 1437 304 1510 sipoteris„
323 1453 398 1492 veie:
418 1434 442 1491 ei
452 1436 558 1502 minus,
579 1443 640 1508 epte
648 1444 748 1497 temen.

123 1515 191 1569 Dent
200 1513 278 1569 etiam
287 1512 380 1584 positis
389 1510 492 1568 editum
500 1510 624 1568 convivia
632 1515 750 1572 meneie:

70 1599 109 1643 23⁰
160 1595 200 1643 est
208 1587 311 1660 aliquid
320 1595 422 1659 praeter
430 1586 508 1652 vine,
529 1586 602 1658 quod
612 1587 766 1662 indepetee.

123 1662 205 1734 Saepe
214 1661 269 1717 illie
277 1663 357 1734 positi
366 1660 463 1718 teneris
473 1660 585 1717 edduete
594 1660 699 1718 lacertis

160 1754 311 1810 purpureus
320 1737 415 1792 Bacchi
424 1753 523 1795 eornue
532 1737 630 1809 pressit
638 1735 733 1796 Amor.

125 1809 257 1887 [Vinaque
265 1828 352 1882 quum
361 1811 467 1867 bibulas
478 1828 598 1884 sparsere
606 1811 750 1887 Cupidinis
758 1811 811 1876 atas,

160 1891 309 1957 permanet,
329 1891 355 1939 et
363 1892 438 1956 cepto
447 1894 499 1942 etet
508 1885 598 1961 gravis
613 1886 658 1942 iile
668 1887 736 1945 loeo.

70 1972 109 2016 255
123 1957 170 2014 Ille
182 1957 291 2031 quidem
301 1975 402 2030 pennas
412 1960 534 2017 velociter
545 1962 645 2017 excutit
653 1963 737 2019 udae:

161 2033 304 2090 eedtamen
314 2040 339 2088 et
348 2035 438 2109 spargi
446 2043 539 2108 peetus
548 2053 638 2093 amore
646 2037 745 2114 necet]

123 2109 192 2167 Vina
205 2109 426 2183 perentenim0s‚
445 2109 742 2184 faciuntqueoeioribue
752 2119 811 2184 aptet

160 2203 224 2242 cura
233 2184 301 2260 fugit
309 2185 394 2242 mutto
402 2183 567 2259 diluiturque
576 2204 659 2243 mero.

124 2260 412 2318 Tuneveniuntrisue:
433 2267 498 2317 tunc
506 2278 608 2333 pauper
616 2278 716 2317 cornua
726 2261 811 2316 sumit:

71 2340 109 2391 215
161 2343 225 2389 tune
233 2335 308 2390 dolor
316 2344 341 2391 et
350 2353 441 2403 curae,
461 2354 582 2411 rugaque
590 2335 684 2392 frontis
695 2337 759 2392 abit.

124 2407 200 2464 Tune
208 2410 291 2479 aperit
300 2419 415 2477 mentes,
435 2429 499 2467 aevo
509 2412 646 2466 rarissima
655 2419 755 2478 nostro,

162 2482 332 2554 simplicitas,
353 2492 421 2539 ertes
431 2486 578 2542 excutiente
587 2485 646 2541 deo.

125 2557 182 2613 Illic
191 2574 269 2629 saepe
278 2558 381 2612 enimes
391 2561 520 2615 iuvenum
530 2577 640 2632 rapuere
648 2560 767 2631 puellae:

162 2640 187 2688 et
196 2632 286 2689 Venus
297 2631 325 2691 in
334 2633 421 2700 vinis,
440 2633 694 2709 ignisinigxiettxit.
