1770 2992
116 148 165 202 aaa
306 151 333 195 a.
355 148 484 199 ovlnu
501 124 672 197 nasonia

154 252 209 316 scd.
232 251 353 317 malepit
374 248 451 305 tacita
464 256 678 320 menteprecare,
700 248 763 305 vira.

118 329 160 394 At,
180 344 267 400 quum
276 325 492 387 discedetmensa
501 324 738 393 naviatenam

154 404 211 475 ipsa
221 401 270 456 tibi
279 417 400 456 accessus
409 399 486 454 turba
497 398 641 471 locumque
649 399 733 455 dabit.

65 493 103 535 eae
118 481 205 534 lnsere
215 476 355 531 teturbae:
376 474 520 546 leviterque
529 474 655 529 admotus
664 474 747 539 eunti,

155 552 222 608 vella
232 551 301 607 latua
311 550 411 624 digitis,
431 557 457 605 et
466 548 532 620 pede
543 555 623 623 tange
633 548 739 620 pedem

120 627 250 699 Colloquii
261 627 315 680 iam
325 633 430 696 tempua
439 623 521 679 adeat.
553 624 630 697 Fuge
639 624 737 679 rustice
746 621 809 694 laage
835 650 838 655 ·

156 704 219 757 hinc
229 700 327 772 pudor:
338 699 588 770 audacamForaque
597 699 745 771 Venusque
754 694 828 752 iuvant
842 708 849 721 “

120 781 179 833 Non
189 785 234 831 tua
244 774 295 829 aab
306 782 409 831 nostrae
419 773 506 829 veniet
515 772 639 829 facundia
648 773 730 848 leges.

68 866 105 909 aaa
157 847 458 919 Factantumincipiaa,
478 855 571 919 sponte
579 847 697 909 dnertus
705 848 765 902 aria.

120 929 168 982 Est
176 932 202 980 et
210 923 329 998 agendae
339 941 441 988 amana.
453 922 635 994 imitandaque
641 922 752 979 vulnera
760 914 833 977 verli·

158 1000 224 1055 llinc
233 999 281 1055 tibi
291 1006 434 1071 quaeratur
443 997 562 1070 qualibet
570 1005 626 1053 arte
635 997 714 1053 fidas.

122 1078 175 1130 Nec
184 1074 254 1130 credi
265 1073 338 1130 labar
347 1080 400 1128 est:
421 1072 472 1129 eibi
483 1089 606 1145 quaeque
618 1072 726 1129 videtur
739 1063 841 1129 amanll·

160 1150 276 1206 Pessima
285 1149 328 1216 eit,
350 1146 417 1204 nulli
427 1165 480 1205 nen
490 1165 539 1203 sua
550 1145 740 1219 lcamaplaeet.

70 1241 107 1283 ele
122 1228 203 1298 Saepe
214 1232 301 1280 tamen
310 1240 372 1279 vere
380 1222 465 1293 coepit
474 1222 614 1278 simulator
622 1240 729 1278 amara:

160 1317 246 1372 saepe,
267 1298 339 1371 qnod
349 1296 479 1368 incipiens
489 1297 601 1353 finxerat
609 1314 678 1363 ease,
699 1297 760 1353 luit.

124 1377 182 1443 Quo
192 1371 400 1448 magisolacilee
409 1372 576 1427 imitantibus
584 1379 648 1437 cete,
669 1372 785 1444 puellae.

161 1451 299 1507 Fietamer
313 1466 400 1514 verua,
421 1448 468 1518 qui
478 1447 644 1503 mndofictue
654 1456 720 1503 erat.

124 1526 261 1585 Blanditiis
271 1525 391 1581 animum
402 1521 492 1578 lurtim
502 1521 663 1592 deprendere
670 1520 713 1578 ias'
723 1533 772 1590 eet,

71 1616 108 1656 aaa
161 1610 190 1664 nt
198 1600 316 1672 pendens
327 1598 428 1671 liquida
438 1597 495 1668 ripa
504 1596 700 1669 anhituraqua.

124 1678 177 1732 Nec
186 1675 288 1741 faciem,
309 1691 357 1730 nec
368 1681 392 1729 te
400 1673 488 1747 pigeat
497 1671 735 1744 laudarecapillce‚

163 1758 188 1804 at
197 1756 289 1805 terens
299 1749 406 1823 digitos,
427 1749 609 1821 exiguumque
619 1747 727 1818 pedem.

125 1823 256 1879 Delectant
264 1822 343 1877 etiam
352 1831 436 1879 castas
446 1822 585 1893 praeconia
593 1820 703 1877 formae.

161 1896 318 1971 Virginibus
326 1913 404 1957 curae
413 1905 540 1970 grataque
549 1895 633 1956 torma
643 1915 691 1952 aua
702 1906 754 1954 eat.

72 1988 110 2030 625
124 1975 192 2028 Nam
203 1989 251 2026 cur
260 1971 288 2025 in
297 1970 421 2044 Phrygiis
432 1972 561 2028 Iunonem
571 1978 596 2026 et
604 1971 711 2027 Pallada
721 1974 801 2030 silvie

162 2065 235 2104 nunc
243 2062 350 2120 quoque
362 2045 492 2101 iudicium
503 2065 557 2103 non
566 2047 684 2102 tenuisse
693 2048 797 2120 pudet?

126 2124 255 2180 Laudatas
264 2128 376 2179 ostentat
385 2121 441 2177 avis
452 2122 563 2178 Iunonia
572 2139 688 2194 pennas:

163 2201 185 2254 si
196 2201 289 2257 tacitus
299 2206 410 2271 epactae,
430 2195 475 2253 illa
486 2197 606 2253 recondet
614 2215 688 2268 opas.

126 2273 324 2345 Quadrupedes,
346 2275 413 2330 inter
423 2272 507 2345 rapidi
517 2272 660 2327 certamina
670 2289 778 2333 careus.

73 2363 110 2406 aaa
162 2348 328 2420 depexaeque
338 2350 425 2415 iubae,
445 2348 592 2419 plausaque
601 2346 668 2402 cella
678 2348 784 2403 iuvant.

125 2424 179 2477 Nec
187 2420 423 2491 timide'pramitte:
445 2422 553 2477 trahunt
562 2422 692 2492 promissa
701 2422 818 2494 puellas.

163 2494 673 2567 Pollicitiatcstesquoslibetaddedeas.

127 2572 224 2642 Iupiter
233 2586 266 2624 cx
276 2567 327 2627 alta
336 2570 451 2640 periuria
461 2570 528 2626 ridet
537 2578 689 2638 amantum;

163 2652 188 2700 et
196 2645 270 2701 iubet
277 2643 380 2703 Aeolica
391 2644 465 2701 irrita
475 2644 543 2703 lene
550 2646 645 2700 llatae.
