1770 2992
158 157 208 213 270
346 164 376 210 P.
398 162 714 211 0v1n11NAeoms

104 350 143 394 22⁵
157 260 829 395 01.tlitttertlttu'tllttltttlltn³
863 297 885 419 ,ξ

195 414 300 470 invocet
309 414 388 469 iratos
398 420 423 467 et
433 412 485 467 sibi
495 412 614 485 quisque
622 413 699 469 deos.
878 423 885 444 ⁸

160 488 250 564 [Nulla
260 489 325 544 fides
335 487 448 552 tabulis,
468 504 537 559 quae
547 504 601 542 uon
610 504 660 559 per
672 491 859 561 vctapetuutnrt

197 572 222 618 et
232 563 348 618 lacrimis
358 561 413 618 vidi
423 579 501 634 saepe
513 560 737 638 menogenes]

160 640 282 712 Iupitera
292 637 369 693 vobis
379 645 433 692 tam
442 637 530 709 turpia
539 636 654 692 crimina
662 635 756 708 pellat,

107 724 145 769 tto
197 712 336 785 inquibus
346 720 385 766 est
395 711 444 767 ulli
454 728 517 766 cura
525 709 628 783 placere
639 712 711 768 viro.

159 790 213 843 llos
222 789 319 861 ignava
328 786 399 842 iocos
408 786 503 841 tribuit
512 787 612 843 Nattua
624 784 742 858 puellis:

197 861 305 917 materia
316 860 413 916 ludunt
421 860 612 918 uberioreviri.
718 896 722 902 -
882 869 885 874 ’

160 938 228 993 Sunt
237 935 291 991 illis
299 935 450 1010 celeresque
459 936 538 1008 pilae,
556 933 867 1010 10001000000,0000101ιιῚ
882 893 885 1009 l

198 1028 334 1084 armaque,
358 1011 421 1066 etin
430 1028 511 1086 gyros
525 1011 563 1067 irc
572 1018 680 1067 coactus
690 1028 787 1084 equus.
884 1042 885 1061 r

108 1099 146 1142 005
160 1090 214 1144 Nec
223 1104 272 1142 vos
282 1086 399 1159 Campus
408 1085 497 1152 habet,
513 1103 562 1141 uec
571 1104 619 1143 vos
631 1083 872 1161 gelidissimuvirp

198 1179 247 1217 nec
255 1162 359 1218 Tuscus
371 1160 483 1233 placidis
493 1159 600 1218 devehit
611 1161 703 1217 amuis
712 1161 799 1235 cquis.

161 1237 278 1303 Attice,
298 1244 323 1292 et
330 1235 445 1308 prodest,
464 1236 654 1308 Pompeiesire
665 1254 716 1309 per
724 1236 835 1298 umens.

198 1312 246 1369 Vir
264 1311 317 1367 inis
326 1308 448 1366 aetheriis
457 1327 520 1365 cnm
529 1318 608 1383 ceput
616 1310 691 1366 ardet
699 1312 788 1386 equis.

161 1329 384 1459 Visitelaurigerc
394 1393 494 1441 sacrata
503 1385 601 1441 Palatia
610 1385 734 1444 Phoebo:

109 1474 147 1518 tto
199 1461 244 1517 ille
252 1461 418 1517 Paraetonius
427 1460 520 1515 mersit
532 1461 561 1516 in
571 1459 624 1516 alta
636 1468 723 1518 rates:

162 1554 284 1609 quaeque
298 1554 372 1594 soror
384 1535 537 1609 coniuxque
551 1535 628 1593 ducis
642 1542 851 1607 mouumeutapt

638 1618 719 1668 runt:

201 1685 343 1758 navalique
352 1702 433 1761 gener
441 1687 545 1741 cinctus
553 1685 654 1741 honore
666 1697 758 1759 caput.

162 1760 246 1816 Visite
255 1763 409 1816 turicremas
418 1778 512 1816 vaccae
521 1760 710 1832 Memphitidos
720 1778 793 1817 ures:
803 1822 806 1827 ,

200 1833 278 1888 visits
287 1836 438 1906 conspicuis
448 1843 522 1890 ternu
531 1835 632 1892 theatra
642 1834 716 1891 loeis.

110 1921 148 1966 005
163 1909 317 1981 Spectentur
325 1908 413 1979 tepido
424 1909 569 1965 maculatae
580 1911 713 1985 sanguine
721 1925 825 1977 meuae;

201 1989 323 2054 metaque
332 1981 442 2037 ferventi
451 1984 639 2041 circumeunda
653 1993 720 2042 rota.

163 2057 241 2127 Quod
250 2057 319 2123 latet,
340 2058 462 2131 ignotum
471 2066 524 2115 est:
545 2060 629 2134 ignoti
638 2060 714 2116 nulla
723 2058 825 2133 cupido.

200 2135 314 2191 Fructus
324 2134 410 2201 abest,
431 2131 510 2189 facies
520 2151 606 2207 quum
615 2134 685 2191 hona
696 2142 763 2190 teste
770 2138 841 2191 corel·

163 2213 205 2266 Tu
215 2209 275 2266 licet
283 2217 309 2265 et
317 2210 469 2283 Thamyran
479 2226 598 2281 superes,
609 2217 689 2282 atque
696 2208 800 2283 Orphea
808 2209 881 2267 mulla

110 2292 149 2340 too
201 2303 255 2341 uon
266 2286 315 2340 erit
324 2285 429 2360 ignotae
438 2284 522 2358 gretia
531 2301 629 2358 magua
640 2283 723 2359 lyrae.

164 2359 192 2413 Si
201 2360 330 2415 Venerem
342 2361 412 2416 Cous
421 2376 556 2430 nusquam
566 2359 698 2429 pinxisset
707 2357 822 2432 Apelles;

201 2449 288 2486 mersa
297 2434 349 2488 sub
358 2434 495 2505 aequoreis
505 2432 549 2489 illa
559 2433 650 2489 lateret
658 2435 748 2508 aquis.

165 2506 236 2574 Quid
246 2507 344 2577 petitur
353 2507 444 2574 sacris,
466 2508 519 2564 nisi
531 2514 635 2564 tantum
645 2508 730 2576 lema,
750 2501 844 2582 poetis?

202 2582 257 2636 llcc
265 2587 357 2636 votum
367 2582 450 2637 nostri
461 2600 568 2638 summa
578 2582 676 2639 laboris
688 2584 776 2640 hebet.

108 2663 150 2715 tos
164 2656 233 2714 Cura
244 2655 346 2716 ducum
359 2655 468 2717 fuerent
477 2657 544 2715 clim
552 2661 812 2732 regumnnepnttec:
