1770 2992
137 147 347 203 Ennomus.
376 157 432 201 ΕΡ.
447 157 490 202 nv.
656 153 686 204 19

95 257 124 313 isi
135 274 171 313 ne
178 274 285 329 caperes
295 274 375 331 regna
384 264 492 329 paterna
502 257 609 312 nothus.

98 331 193 388 fratres
202 350 237 386 ex
245 349 288 386 me
297 331 359 386 tibi:
381 349 449 404 quos
460 339 547 386 tamen
557 349 647 388 omnes

101 405 212 464 tollendi
221 424 323 471 caussa,
334 407 380 461 sed
390 406 434 461 ille
443 405 503 462 fuit.

95 482 211 539 nocitura
221 482 280 548 tibi,
294 481 470 553 pulcherrime
481 499 580 548 rerum,
701 492 739 538 125

95 559 184 615 enixu
195 556 295 610 viscera
305 564 382 627 rupta
393 555 490 611 forent!

108 631 198 686 meriti
208 629 303 687 loetum
314 648 430 685 reverere
439 633 563 702 parentis,

95 707 142 780 igit
152 714 177 760 et
186 704 263 761 factis
272 705 374 763 abdicat
383 706 426 760 ille
435 707 501 760 suis.

96 781 223 854 privigno
233 780 323 835 videar
333 781 433 837 ooitiua
442 799 562 846 noverca,

96 864 126 911 nt
136 856 241 910 animos
252 855 359 910 nomina
369 874 438 913 vana
448 864 515 911 tuos.

96 931 188 1002 pietas,
201 946 265 985 aevo
274 929 398 984 moritura
410 929 508 996 buturo,

96 1005 206 1069 Saturno
215 1021 296 1077 regna
305 1012 416 1070 tenente,
429 1004 488 1059 fuit.

97 1080 198 1151 epium
208 1079 307 1144 statuit,
318 1079 495 1152 quodcunque
504 1080 618 1135 iuvaret:

96 1172 148 1208 nne
157 1153 219 1208 facit
228 1151 306 1207 fratre
318 1154 411 1207 marita
420 1172 501 1210 soror.

96 1246 143 1284 rna
153 1228 257 1302 generis
267 1228 388 1282 iunctura
400 1237 498 1294 catena,

96 1305 112 1358 it
121 1303 204 1358 nodos
214 1303 258 1357 cui
268 1303 357 1358 Venus
368 1303 425 1374 ipsa
436 1321 507 1359 suos.

96 1386 147 1446 est;
168 1376 332 1432 celarelicet:
353 1386 411 1449 pete
421 1395 520 1432 munus
531 1375 564 1430 ab
573 1375 628 1430 illa.

96 1472 103 1508 ›
114 1453 326 1525 poterit-nomine
335 1451 412 1522 culpa
424 1452 485 1523 tegi.

96 1526 315 1601 rplexusaliquis3
337 1525 503 1580 laudabimur
513 1525 598 1581 ambo.

96 1604 197 1677 rivigno
207 1602 258 1658 fida
268 1619 378 1658 noverca
388 1618 455 1657 meo.

96 1696 122 1733 er
133 1679 253 1733 tenebras
262 1678 322 1732 duri
332 1676 470 1731 reseranda
480 1675 565 1730 mariti

96 1771 144 1809 non
154 1761 242 1808 custos
252 1751 421 1824 decipiendus
432 1752 489 1806 erit.

96 1829 184 1884 lomus
194 1846 248 1882 una
257 1828 333 1892 duos,
345 1827 440 1882 domus
450 1845 504 1881 una
513 1825 618 1880 tenebit.

96 1911 183 1976 aperta
196 1903 285 1968 dabas,
297 1902 386 1957 oscula
396 1910 483 1974 aperta
492 1900 576 1956 dabis.

106 1995 220 2043 mecum,
233 1978 389 2049 laudemque
398 1978 530 2032 merebere
538 1975 625 2047 culpa,

96 2055 124 2108 in
135 2054 199 2107 lecto
209 2053 368 2124 conspiciare
378 2070 445 2108 meo.

96 2147 121 2182 rs
132 2136 244 2194 tantum,
255 2135 444 2200 properataque
453 2125 555 2181 foedera
565 2126 660 2197 iunge·¹

96 2204 112 2258 ri
124 2220 195 2257 nunc
207 2203 298 2266 saevit,
310 2204 348 2256 sic
358 2203 405 2254 tibi
415 2202 601 2271 paroatAmor.

96 2277 206 2351 edignor
215 2276 328 2347 supplex
337 2275 501 2347 humilisque
510 2276 619 2345 precari.

97 2352 127 2406 bi
137 2369 209 2407 nunc
218 2350 301 2405 fastus
310 2349 415 2420 altaque
424 2349 522 2403 verba‘?
540 2350 634 2403 Iacent.
705 2360 742 2401 tao

97 2427 177 2489 edin,
189 2443 237 2479 nea
246 2442 289 2479 me
297 2425 453 2481 submittere
461 2423 557 2499 outpae

97 2500 106 2560 ',
122 2500 187 2552 certi
186 2500 221 2628 {1⁰
229 2501 298 2573 quid
309 2502 424 2595 haberet
433 2505 530 2598 butor.

97 2582 699 2728 {iriffiebbggentblbsriierigithtaitbixsdbmffi·

577 2751 638 2806 M
