1770 2992
151 328 200 381 ⁴46
336 334 365 379 Ρ.
384 331 511 381 OVIDH
526 332 695 382 NASONIS

150 433 405 489 Omniarecereanr.
433 430 708 491 Nihilestviolenrius
716 432 768 501 illa.
862 443 864 446 ’

98 521 136 563 ree
186 525 271 581 quum
281 525 343 574 sua,
363 506 434 580 quod
445 506 542 575 nolim,
563 504 825 567 numinalwvirht
873 521 876 524 ·

151 584 234 638 Testis
243 582 292 638 erit
301 581 443 656 Calydonis
452 599 527 654 aper:
549 600 611 639 nam
622 583 737 651 seim
754 580 824 639 utillo
862 599 865 616 '1

187 659 221 712 sit
231 675 273 712 ma
294 657 315 711 's
326 658 353 711 in
364 664 456 712 natum
464 674 541 712 saeva
551 666 653 729 reperta
665 676 773 731 parens:

152 734 260 788 testiset
291 739 394 797 cireen,
414 731 549 803 quondam
561 730 616 787 iera
626 732 741 791 creditus
749 730 803 797 illis,
837 762 841 769 ·
861 749 883 763 ²·

189 809 245 878 ipse
254 806 325 861 dedit
334 805 384 862 lete
392 823 455 861 cum
465 806 566 877 quibus
575 814 636 862 anie
644 806 727 865 ieras:
861 819 867 836 ²

101 896 138 937 ras
152 898 273 954 quaeque
281 880 394 952 superba
402 898 511 951 parens,
531 898 595 937 sexo
607 880 841 957 percorpusebtm
874 886 883 907 ²

191 973 261 1010 nunc
269 972 376 1027 quoque
384 954 526 1029 Mygdonia
535 953 633 1011 flebilis
641 958 803 1015 exiathume.
862 969 883 995 ’-

154 1030 285 1096 iieimihi‚
306 1029 437 1104 Cydippei
457 1029 536 1086 timeo
544 1030 594 1085 tibi
602 1030 690 1087 dicere
698 1048 797 1099 verum
864 1080 876 1087 .

192 1121 224 1159 ne
232 1103 322 1159 videar
330 1122 422 1159 caussa
433 1102 498 1159 falsa
511 1120 618 1161 monere
627 1122 697 1163 mea.
867 1115 875 1128 ¹

155 1179 298 1234 Dicendum
309 1186 396 1235 tamen
408 1187 461 1235 est:
481 1179 531 1235 hoc
544 1186 597 1245 est,
618 1180 687 1237 mihi
708 1182 791 1245 crede.
810 1202 813 1223 ¹
865 1195 869 1252 Ῐ

626 1272 704 1331 aegra
872 1270 875 1275 ·

103 1341 140 1382 rio
192 1346 249 1401 1ps0
259 1328 375 1383 nubendi
389 1335 503 1399 tempore
513 1345 590 1400 saepe
600 1329 679 1385 iaces.

154 1402 272 1459 Consulit
284 1403 340 1474 ipsa
350 1402 412 1468 tibi,
433 1402 532 1458 nensis
543 1402 649 1475 periura
660 1404 767 1467 laborat.
875 1400 882 1409 ’

191 1487 216 1534 et
224 1477 324 1533 salvam
335 1475 524 1549 salvatecupit
532 1494 590 1533 esse
599 1478 661 1535 fide.
879 1504 883 1511 ·

155 1554 270 1620 ludent,
290 1560 333 1620 ut,
353 1552 456 1624 quoties
465 1553 575 1609 existere
583 1553 682 1624 perfida
691 1561 782 1619 tentas,
867 1570 871 1576 ’

190 1636 325 1700 peccatum
335 1627 409 1683 toties
417 1627 680 1701 corrigatillatuum.

104 1716 141 1757 115
155 1705 233 1758 Parce
242 1720 346 1759 movere
355 1701 422 1757 ieros
431 1702 565 1758 animosae
577 1702 695 1777 Virginis
704 1720 788 1759 arcus.

192 1777 263 1833 Mitis
272 1777 359 1832 adhue
368 1776 439 1842 fieri,
459 1776 483 1830 ei
492 1777 605 1848 patiare,
625 1785 720 1849 potest.

155 1855 246 1914 Parce,
267 1867 370 1922 precor,
391 1859 492 1906 teneros
502 1869 668 1922 corrumpere
677 1852 792 1909 febribus
799 1852 857 1905 affl·

192 1926 313 1980 Servetur
322 1924 400 1980 iacies
410 1926 459 1981 ista
469 1924 579 1981 fruenda
589 1927 665 1981 mihi.

156 2001 295 2055 Serventur
304 1998 394 2053 vultus
404 2001 435 2054 ad
448 2009 535 2057 nostra
544 2001 665 2057 incendia
677 2002 746 2057 nati:

63 2118 69 2129 ,
104 2088 140 2129 rin
192 2073 292 2146 quique
300 2073 390 2128 subest
399 2075 475 2132 niveo
485 2075 551 2130 lenis
561 2075 589 2132 in
599 2094 643 2132 ore
652 2077 743 2133 ruber.

156 2148 419 2221 Hostibusesiquis‚
440 2168 473 2205 ne
485 2151 532 2205 fias
544 2159 645 2217 nostra,
666 2170 731 2224 repu
769 2156 804 2217 εἰς

192 2224 230 2278 sic
239 2223 286 2288 sit,
309 2232 350 2289 ut,
371 2224 538 2290 invalidam,
559 2226 691 2282 soletesse
700 2171 777 2282 mffii.

157 2302 287 2372 Torqueor
295 2318 327 2354 ex
337 2317 434 2372 aeque,
455 2300 495 2356 vel
506 2302 667 2367 tenubente‚
690 2301 732 2358 vel
743 2315 822 2376 aegra:

192 2376 277 2430 dicere
288 2393 334 2430 nec
343 2392 468 2447 pessum,
490 2375 556 2446 quid
565 2378 656 2431 minus
666 2377 723 2447 ipse
732 2376 816 2432 velim·
832 2438 838 2451 ,

104 2461 141 2502 125
156 2453 269 2505 Maceror
279 2450 421 2514 interdurn,
435 2451 507 2521 quod
517 2468 578 2504 sum
588 2451 636 2505 tihi
646 2469 740 2507 caussa
749 2441 848 2507 dolendi:

193 2533 269 2595 teque
281 2542 338 2578 mea
348 2523 415 2578 laedi
424 2523 564 2579 calliditate
573 2534 647 2596 pute.

157 2600 184 2653 ln
197 2599 346 2669 eaputhaec
356 2599 604 2655 nostrumdominae
614 2600 743 2671 periuria,
763 2605 850 2673 queem·

95 2733 96 2736 ,
188 2674 326 2733 eveniant:
347 2674 686 2748 poenaiuiasiiiiiamea.

137 2752 281 2812 Netamen
293 2752 438 2832 ignorem,
462 2749 623 2824 quiaagas
642 2736 867 2797 &mmmm

67 2836 112 2882 130
165 2833 237 2891 anri
239 2853 276 2892 us
288 2833 346 2892 huc
359 2830 431 2891 illuc
442 2823 662 2886 dissimaiaueer
673 2831 720 2867 ee.
