1770 2992
169 151 202 202 Ἠ
365 154 393 198 1¹.
414 152 539 200 ovum
556 153 721 199 NASONIS

207 253 279 309 venit
290 252 317 308 in
327 254 466 309 arbitrium
476 253 546 309 nuda
556 254 675 309 Minerva
684 263 773 309 tuum.

171 329 278 384 Attoniti
288 329 403 384 micuere
411 329 497 394 sinus,
508 327 666 402 gelidusque
675 328 802 392 cucurrit,

207 412 236 458 ut
245 403 311 458 mihi
322 404 441 468 narrasti,
453 402 519 458 dura
528 420 576 474 per
583 420 643 458 ossa
652 408 760 459 tremor.

171 478 298 534 Consului
309 477 485 550 (nequeenim
495 477 596 533 modice
605 477 741 551 terrebar‚)
752 494 839 550 anusq

118 563 142 609 to
208 553 400 628 longaevosque
409 569 494 607 senes.
516 551 796 607 Constititcssenefas.

171 628 250 683 Caesa
261 628 341 694 abies,
352 634 488 699 sectaeque
497 626 593 692 trabes,
604 634 638 692 et,
650 626 735 682 classe
744 636 838 700 parata

208 702 310 757 caerula
319 710 417 757 ceratas
427 701 520 772 accipit
528 701 600 756 unda
610 708 688 756 rates.

171 777 250 832 Flesti
261 777 410 832 discedens:
431 776 481 831 hoc
490 775 582 830 saltem
590 792 667 847 parce
678 793 783 850 negare.

208 852 347 908 Praeterito
357 851 441 926 magis
451 859 489 905 est
499 851 548 905 iste
557 850 698 922 pudendus
708 867 791 907 amor.

118 936 143 981 55
170 927 204 981 Et
213 926 279 981 flesti
289 935 315 982 et
324 933 425 982 nostros
434 926 524 980 vidisti
534 923 620 980 flentis
630 923 736 980 ocellos.

208 1001 364 1056 Miscuimus
374 1001 494 1056 lacrimas
504 1007 620 1055 moestus
631 1007 743 1071 uterque
752 1017 821 1056 suas.

171 1077 230 1130 Non
240 1076 278 1129 sic
287 1076 412 1148 appositis
423 1075 537 1131 vincitur
546 1074 645 1131 vitibus
654 1073 757 1140 ulmus,

209 1158 238 1204 ut
246 1158 291 1205 tua
299 1158 363 1205 sunt
372 1148 437 1205 collo
446 1149 553 1205 brachia
563 1166 629 1204 nexa
638 1166 707 1204 meo.

172 1224 213 1280 Ah
222 1225 334 1298 quoties,
345 1241 430 1297 quum
440 1232 464 1278 te
474 1231 551 1279 vento
560 1240 697 1296 quererere
705 1224 796 1291 teneri,

119 1312 143 1354 55
208 1302 322 1357 riserunt
331 1299 452 1356 comites!
472 1299 519 1353 llle
529 1297 660 1353 secundus
671 1305 735 1353 erat.

172 1375 268 1432 Oscula
277 1378 402 1432 dimissae
411 1374 514 1447 quoties
524 1373 630 1445 repetita
639 1372 750 1427 dedistil

209 1451 295 1518 Quam
304 1454 351 1508 vix
360 1451 486 1506 sustinuit
495 1448 580 1503 dicere
590 1446 690 1521 lingua,
701 1447 778 1503 Valet

172 1525 243 1580 Aura
253 1526 318 1581 levis
328 1526 413 1597 rigido
421 1523 561 1596 pendentia
571 1523 649 1578 lintea
659 1521 729 1578 malo

209 1600 330 1665 suscitat;
351 1606 376 1651 et
385 1599 464 1651 remis
474 1607 546 1653 eruta
555 1604 630 1653 canet
640 1614 719 1670 aqua.

120 1687 144 1727 55
172 1675 318 1745 Prosequor
326 1670 419 1726 infelix
428 1671 510 1727 oculis
520 1673 641 1728 abeuntia
650 1671 718 1738 vela,

210 1765 264 1820 qua
274 1746 345 1816 licet3
367 1753 392 1800 et
401 1744 515 1801 lacrimis
525 1749 617 1802 humet
626 1764 704 1802 arena
716 1746 792 1802 meis.

173 1825 258 1894 thue
269 1821 335 1876 celer
346 1822 448 1887 venias,
460 1822 557 1877 virides
566 1821 691 1878 Nereidas
701 1838 760 1891 oro;

210 1897 307 1950 scilicet
315 1904 345 1951 ut
353 1898 443 1952 venias
455 1896 484 1951 in
493 1913 551 1951 mea
563 1897 659 1952 damna
668 1894 746 1952 celer.

173 1973 246 2029 Votis
257 1989 318 2045 ergo
327 1972 393 2026 meis
404 1971 448 2025 alii
459 1972 571 2026 rediture
582 1969 690 2026 redisti?

120 2060 145 2099 oo
210 2048 257 2101 liei
270 2047 348 2101 mihil
369 2065 417 2119 pro
427 2047 483 2101 dira
496 2046 589 2118 pellice
601 2046 698 2101 blanda
708 2044 760 2100 luil

174 2122 291 2194 Adspicit
300 2123 460 2177 immensum
470 2121 552 2176 moles
566 2121 653 2176 nativa
662 2119 834 2192 profundum.

211 2199 286 2253 Mons
296 2197 358 2251 luit:
380 2197 515 2268 aequoreis
526 2196 570 2250 illa
581 2196 678 2249 resistit
687 2195 775 2266 aquis.

174 2273 241 2327 Hinc
250 2289 297 2345 ego
306 2273 364 2326 vela
373 2281 433 2325 tuae
441 2272 552 2344 cognovi
562 2272 648 2341 prima
656 2271 770 2333 carinae,
815 2270 819 2277 '

211 2356 235 2402 et
245 2347 311 2400 mihi
320 2365 366 2417 per
376 2345 470 2400 fluctus
480 2346 593 2415 impetus
605 2345 642 2398 ire
651 2344 709 2399 suit.

122 2431 146 2472 55
173 2423 242 2476 Dum
254 2439 348 2486 moror,
365 2423 392 2474 in
404 2437 509 2473 summa
519 2419 592 2474 lulsit
602 2419 668 2472 mihi
677 2435 796 2491 purpura
805 2434 839 2489 pn

211 2496 350 2551 Pertimui:
372 2493 458 2549 cultus
469 2512 521 2549 non
530 2502 584 2548 erat
593 2494 637 2548 ille
646 2501 719 2548 tuus.

174 2573 204 2626 Fi
208 2580 216 2625 t
225 2572 339 2643 propior,
353 2577 487 2640 terrasque
496 2570 546 2622 cita
556 2569 618 2623 ratis
627 2569 713 2642 attigit
722 2586 799 2623 aura:

205 2647 336 2705 femineas
347 2646 400 2703 ridi
411 2644 489 2703 corde
498 2651 628 2700 tremente
636 2661 728 2718 genas.
