1770 2992
299 106 331 164 at
479 118 841 165 r.0v1u11uaaours

336 225 418 289 nupta
428 215 493 274 forat
501 218 588 274 Paridi
598 225 691 284 mater,
711 225 742 273 ut
749 225 810 273 autc
819 217 880 273 fuit.

298 294 352 348 Nae
361 300 390 347 tu
400 291 472 349 milio
481 300 549 348 rates
559 293 722 364 sinuosaque
729 291 788 348 vela
796 292 883 364 parari

336 385 384 422 nec
394 385 518 424 numeros
526 367 609 422 Danai
619 367 728 422 militis:
748 366 806 438 ipsc
816 368 878 421 vani

246 454 271 496 25
297 441 777 515 Sicqucquccramrapctaudatamcn3
790 448 876 496 uactu

336 534 428 588 aspera
437 534 486 590 pro
494 534 555 572 carc
563 516 631 572 bella
645 515 738 571 tulisse
749 522 811 574 toro.

299 590 379 658 Quid,
399 591 472 663 qucd
481 609 548 647 avua
556 590 634 646 uobis
642 590 713 645 idem
722 588 861 661 Pelopeius
879 616 882 625 Δ

335 673 370 731 et,
391 664 693 731 siucuessesvirmihi‚
713 663 876 719 fratarcras?

302 740 362 804 Vir,
382 757 483 812 precor,
504 739 590 804 uxori,
611 738 885 794 fratcrsuccurrcscr

247 826 272 869 30
339 816 440 870 Instant
448 813 534 870 officio
543 814 651 869 uomina
661 813 725 867 bina
735 820 791 869 tuo.

300 889 398 943 Matibi
408 888 567 963 Tyndareos,
589 888 642 943 vita
650 888 740 961 gravis
752 894 842 942 auctor
850 895 876 942 ct

338 962 457 1018 tradidit:
478 963 617 1019 arbitrium
627 963 712 1033 neptis
723 962 836 1017 habebat
847 979 862 1017 a

300 1036 334 1092 At
342 1045 415 1108 pater
424 1038 549 1093 Aeacidae
558 1036 709 1109 promiserit
718 1036 819 1091 inscius
828 1038 878 1091 acti

337 1111 398 1184 plus
408 1129 530 1184 quoquc,
550 1112 598 1183 qui
607 1112 728 1183 priorcst
736 1111 842 1177 ordine,
869 1137 876 1159 ο

248 1199 273 1242 35
301 1185 390 1252 Quum
400 1185 448 1241 tibi
459 1185 601 1252 uubcbum,
623 1185 690 1239 nulli
703 1202 762 1240 maa
772 1186 847 1240 taeda
860 1203 878 1241 u

337 1263 360 1316 si
370 1263 466 1338 iungar
472 1260 584 1336 Pyrrho,
605 1268 634 1315 tu
644 1260 710 1314 mihi
722 1260 881 1315 laeauscria.

299 1337 334 1391 Et
345 1346 416 1409 pater
426 1339 542 1413 ignoscat
551 1343 640 1393 nostru
648 1333 782 1391 Menelaus
791 1335 876 1390 amari

338 1414 478 1468 succubuit
488 1411 547 1467 talis
558 1410 689 1483 praepetis
702 1411 759 1480 ipsa
767 1408 820 1464 dai.

301 1485 385 1552 Quem
394 1487 446 1541 sibi
455 1487 584 1557 permisit,
605 1501 701 1557 genero
713 1486 836 1542 concedet
850 1500 885 1538 aa

248 1567 273 1613 tc
338 1558 580 1630 prodaritaxamplo
592 1566 674 1612 mater
682 1564 767 1612 amata
776 1573 835 1612 auc.

302 1635 341 1688 Tu
351 1632 428 1698 mihi,
448 1631 520 1703 quod
529 1631 606 1687 matri
615 1639 698 1702 pater,
718 1648 760 1686 cs:
782 1648 850 1703 quas
865 1656 868 1663 ·
878 1656 885 1699 ;

337 1705 486 1761 Dardanius
494 1713 580 1776 partes
590 1704 700 1771 advena,
720 1706 876 1780 Pyrrhusa·

301 1780 346 1835 llic
358 1780 416 1834 licet
424 1780 517 1852 patriis
528 1780 587 1835 sina
596 1779 648 1834 fine
657 1781 793 1853 superbiat
801 1780 879 1848 actis3

337 1861 410 1920 ettu,
430 1853 613 1926 quaereseras‚
633 1863 689 1910 acta
699 1855 814 1926 parentia
824 1855 885 1909 ιε

247 1938 272 1983 45
301 1928 447 1984 Tantalides
457 1946 550 1986 omncs
568 1931 712 2001 ipsumque
721 1927 885 2002 regebatAc

338 2005 385 2058 Hic
393 2020 455 2075 pars
466 2005 585 2070 militiae,
605 2004 725 2059 duxerat
735 2003 779 2058 illc
788 2003 858 2058 ducu
867 2030 881 2054 a

300 2081 340 2134 Tu
349 2095 456 2151 quoquc
464 2080 546 2136 habes
555 2096 683 2153 proavum
694 2079 815 2151 Pelopem
825 2077 882 2133 Pel

286 2165 288 2169 ’
777 2160 878 2207 rentem

299 2452 405 2507 Materia
415 2453 509 2509 vellem
519 2452 592 2509 fortis
602 2450 709 2507 meliore
721 2451 831 2506 fuisses:

337 2545 389 2581 non
400 2526 464 2582 lecta
477 2535 524 2594 est,
545 2528 618 2599 operi
629 2526 675 2581 sed
685 2525 744 2581 data
753 2543 847 2580 caussa
858 2532 867 2578 t

288 2601 367 2658 Hanc
378 2609 466 2662 tamen
480 2603 614 2680 implesti3
635 2600 786 2677 iuguicquc
800 2599 885 2671 iugis

235 2804 268 2832 Α
344 2810 365 2832 ιι.
