1770 2992
119 124 169 178 258
310 126 341 172 1².
362 125 489 172 ovlnn
505 125 676 173 morus

64 241 104 285 ren
155 228 218 292 otia,
238 223 369 281 furtivum
378 241 428 281 nee
437 226 516 281 timor
524 233 603 301 urget
611 243 692 298 opus.

833 40 838 129 i

118 302 210 370 Quum
220 318 293 358 more
303 318 357 357 non
366 307 421 355 tute
431 307 480 366 ent,
500 299 562 355 totis
571 300 728 356 incumbere
735 297 801 353 renis
834 316 838 327 ¹

156 376 232 440 utile,
252 374 403 432 etedmissn
413 374 527 430 subdere
534 374 623 431 cnlcer
634 392 715 448 equo.

119 452 194 508 Finis
207 450 372 523 adestoperi.
408 448 528 505 Palmum
538 449 612 516 date,
632 457 708 525 gratu
722 449 838 511 iuventus}

157 534 280 601 sertaque
289 525 448 582 odoretuem
482 532 521 579 ten
531 523 595 579 ferte
603 541 706 581 nonnae.

66 612 106 657 135
120 600 242 671 Quantus
251 599 323 673 apud
331 601 434 655 Dnnnne
466 597 594 656 odalirius
605 608 662 656 aree
675 597 796 662 medendi,

157 675 282 733 Aeacides
292 674 393 739 dextre,
413 683 516 747 pectore
524 674 700 745 Nestoreae

121 758 239 826 quantus
247 756 303 805 eret
310 747 421 805 Calchas
431 749 512 815 extis,
533 748 707 806 Telamonius
716 747 797 811 armis,

158 824 323 882 Automedon
332 841 427 894 curru;
447 831 537 879 tentus
547 831 649 880 ametor
657 841 717 898 ego.

12 943 15 949 .
121 902 163 957 Me
172 907 259 957 vatem
270 897 406 966 celebrate,
425 898 488 966 viri,
507 898 575 953 mihi
585 897 665 954 dieite
675 897 778 954 leudes:

67 983 107 1030 740
158 982 276 1031 cantetur
286 981 339 1030 tote
347 991 445 1030 nomen
454 974 483 1029 in
492 973 554 1029 orbe
563 990 667 1030 meum.

122 1051 204 1107 Arme
213 1049 273 1106 dedi
281 1048 373 1106 vobis:
394 1048 500 1105 dederet
507 1044 647 1105 Vulcanus
654 1047 762 1104 Achilli.

159 1125 262 1182 Vincite
272 1123 440 1191 muneribus,
461 1123 525 1180 vicit
534 1131 565 1178 ut
574 1121 628 1190 ilie,
650 1122 731 1179 detis.

123 1196 778 1275 sedquicunquemeosuperaritimazonnferro,

160 1277 287 1333 inscribat
296 1273 399 1347 spoliis,
419 1275 490 1329 Naso
500 1273 627 1348 magister
636 1279 703 1330 erut.

69 1357 109 1406 7⁴5
122 1353 189 1408 Eone
197 1358 291 1426 rogent
299 1357 411 1417 tenerae,
431 1347 714 1422 sibidemprneneptu,
733 1344 828 1422 puellae.

160 1427 213 1485 Vos
224 1425 297 1482 eritis
308 1425 412 1483 chartae
420 1423 544 1499 proxime
552 1440 617 1482 nure
626 1441 712 1481 meae.

279 1603 435 1660 LIBER
470 1599 713 1661 TERTIUS·

124 1715 212 1778 Arme
220 1723 281 1779 dedi
291 1723 388 1779 Danais
398 1723 427 1779 in
436 1722 600 1780 Amazonas:
625 1738 700 1778 arma
713 1718 838 1794 superne

162 1814 231 1869 quae
240 1799 288 1853 tihi
298 1799 359 1853 dem
370 1807 396 1853 et
405 1799 506 1864 turbae,
527 1795 702 1863 Penthesilea,
722 1804 789 1852 tuae.

125 1874 162 1928 lte
173 1873 202 1927 in
212 1870 380 1944 bellepares:
401 1873 518 1938 vincant,
540 1871 806 1944 quibusulmnDione

162 1946 282 2012 Faverit,'
295 1953 330 2012 et,
351 1953 404 2002 teto
412 1947 461 2019 qui
470 1946 541 2003 volnt
550 1947 623 2013 orbe,
643 1946 723 2002 Puer.

71 2035 83 2079 5
124 2025 183 2079 Non
193 2028 248 2077 eret
256 2021 364 2077 ermetis
374 2039 491 2094 aequum
500 2039 656 2078 concurrere
666 2021 766 2078 nudes:

162 2098 201 2155 sie
210 2096 288 2154 etiam
297 2098 375 2155 vobis
384 2097 489 2155 vincere
499 2105 589 2170 turpe,
609 2096 672 2153 viri.

124 2173 350 2231 Dixeritemultis
359 2173 467 2246 uliquis,
488 2173 543 2230 Cur
551 2173 628 2229 virus
637 2172 667 2229 iu
676 2188 775 2247 ungues

162 2249 274 2306 adiicis‘?
292 2258 318 2307 et
327 2250 426 2307 rabidis
436 2248 518 2305 trudis
527 2247 596 2305 ovile
607 2245 698 2320 lupis?

125 2324 226 2380 Parcite
236 2342 383 2398 paucarum
392 2325 539 2382 diffundere
548 2323 650 2379 crimen
659 2323 689 2379 in
697 2337 796 2378 omnen.

72 2412 98 2454 10
162 2398 298 2471 spectetur
307 2402 408 2456 meritis
418 2416 538 2473 quaeque
547 2398 635 2471 puelle
644 2399 713 2453 suis.

126 2473 155 2529 Si
166 2473 254 2529 minor
262 2472 367 2539 Atrides
377 2475 509 2546 Helenen..
523 2473 688 2544 Helenesque
697 2485 808 2529 sororem

162 2563 218 2620 quo
228 2554 331 2618 premat
339 2547 443 2603 Atrides
453 2549 564 2603 crimine
573 2548 657 2604 maior
666 2548 759 2618 huben

126 2622 150 2677 ni
159 2619 256 2681 scelere
265 2620 385 2683 Oeclides
395 2622 697 2696 TuluieuiueEriniruien
