1770 2992
122 153 171 205 330
373 156 627 204 consonum

119 256 503 334 gaudebuntquenuaemeritn
511 258 671 332 cognomine
680 257 767 333 gentis3

157 332 230 406 quod
241 331 328 388 nolum
338 330 438 388 dcmitc
447 332 531 388 vietor
540 332 574 387 nb
583 332 660 389 hoste
668 332 734 389 tulit.

120 409 173 464 Vix
181 407 287 463 credent
295 413 397 462 tuntum
407 423 497 462 rerum
506 406 609 480 cepisse
617 415 656 464 tot
664 424 751 464 annon.

67 491 105 536 tte
157 484 253 556 Magna
262 481 314 537 viri
324 481 406 537 latum
417 498 543 554 quaerere
552 481 620 538 tacu
634 481 728 539 locum.

121 559 190 613 Haec
199 559 289 630 ipsum
299 554 415 611 sublime
424 555 520 612 ferent:
540 554 620 623 haec,
641 558 811 629 optmrnrten

157 633 303 688 debuerant
311 629 399 684 luctus
412 638 546 687 attenuere
558 638 630 688 tucn.

121 705 268 762 Feminndi
306 703 395 770 uillis,
415 722 485 778 quos
497 722 577 761 auten
587 705 706 763 condidit
714 713 780 767 acts.

157 780 271 853 principi
290 795 323 832 un
334 780 412 845 netis,
433 781 553 853 principe
563 780 646 855 dignu
654 782 721 838 viro.

67 863 105 910 tte
121 854 288 922 Quiddeceet
298 853 507 920 marimanam,
528 863 694 929 matremque
702 852 800 914 Neronis,

158 927 277 1000 adspice3
298 944 471 1002 quosurgae,
492 929 613 1002 adspice,
634 939 775 988 manetem.

121 1005 180 1059 Non
191 1002 282 1058 eadem
291 1002 444 1077 vulgusque
452 1004 554 1070 decent,
575 1012 602 1060 et
611 1005 715 1063 lumina
723 1016 801 1061 rerum·

157 1079 206 1133 Est
215 1076 288 1150 quod
296 1077 470 1150 praecipuum
480 1078 573 1134 debent
582 1078 631 1135 ista
641 1081 744 1137 domus.

121 1155 285 1242 Imposuitte
295 1151 347 1208 alto
358 1153 484 1219 Fortuna,
504 1152 648 1227 locumque
657 1154 725 1211 tueri

68 1242 107 1285 350
158 1229 238 1284 iussit
246 1228 413 1294 honoratum,
434 1228 525 1284 Livia:
545 1227 633 1301 perier
645 1247 723 1288 onus.

122 1304 164 1360 Ad
174 1311 198 1360 te
206 1301 296 1360 oculos
307 1319 438 1374 auresque
447 1302 545 1373 trahie3
565 1310 612 1363 tua
623 1303 691 1361 suctu
704 1311 811 1363 nonnu-

158 1378 366 1435 Necvcxmisse
374 1377 651 1450 potestprincipinore
660 1381 723 1454 tegi.

122 1454 181 1511 Alta
192 1470 282 1523 mun03
304 1470 439 1525 supraque
448 1460 507 1510 tune
517 1470 631 1529 exsurge
640 1453 754 1517 dolores:

160 1527 365 1603 infragilemque
373 1529 505 1595 animum,
515 1527 590 1600 quod
598 1536 683 1600 potes,
697 1543 776 1603 usque
782 1529 814 1577 1011

69 1616 107 1658 ³55
121 1604 163 1661 An
176 1603 272 1658 melius
281 1611 362 1675 perte
370 1602 500 1659 virtutum
509 1603 630 1675 exempla
640 1611 767 1676 petemus,

159 1695 241 1752 quem
251 1678 274 1733 si
284 1679 417 1734 Romanae
424 1678 555 1753 principis
563 1678 621 1732 edis
630 1678 717 1750 opus?

123 1754 185 1808 Feta
194 1761 419 1810 menentomnes:
440 1769 532 1813 omnes
542 1761 675 1825 exspectat
684 1770 775 1810 avarus

159 1826 282 1898 portitor:
303 1835 328 1882 et
338 1829 431 1883 turbae
440 1828 487 1885 vix
496 1828 560 1884 eatis
571 1845 625 1883 una
634 1829 709 1884 rutis.

123 1900 268 1957 Tendimus
285 1900 340 1955 huc
357 1919 463 1958 omnes:
485 1911 581 1958 metam
601 1917 772 1975 pmperamus
786 1894 811 1954 ad

598 1995 692 2034 unam.

70 2066 108 2110 tun
160 2047 256 2109 Omnia
265 2048 317 2104 sub
327 2046 397 2124 teges
406 2067 479 2106 mors
488 2059 564 2108 vocat
576 2059 631 2108 aun
640 2068 714 2109 suns.

122 2129 189 2184 Ecce
199 2143 289 2183 necem
299 2125 427 2180 intentam
437 2125 521 2192 coelo,
542 2135 688 2201 terraeque,
709 2127 813 2199 fretoque

160 2219 339 2274 casurumque
349 2201 444 2274 triplex
454 2201 612 2257 vaticinetur
621 2221 701 2275 opus.

123 2279 231 2343 inune,
251 2285 290 2344 et,
312 2279 391 2333 rebus
402 2283 472 2332 tanta
483 2276 653 2348 impendente
663 2279 750 2346 ruina,

160 2352 189 2406 in
200 2359 223 2404 te
232 2351 316 2406 solam
326 2353 416 2408 oculos
425 2360 451 2406 et
460 2359 504 2406 tua
515 2351 611 2406 damna
622 2351 700 2410 refer.

70 2435 108 2479 365
122 2425 256 2481 Maximus
267 2425 312 2479 ilie
322 2427 431 2497 quidem
440 2427 580 2492 iuvenum,
591 2443 654 2498 spen
662 2423 769 2500 publicu
777 2423 814 2481 vix

160 2507 194 2565 et,
214 2506 432 2570 quinctuseret‚
452 2501 767 2575 gloriasummedcmus.

123 2573 174 2628 Sed
184 2571 301 2628 mortalis
312 2581 380 2628 eret:
401 2583 487 2631 nectu
497 2593 589 2630 secura
601 2575 686 2644 fuisti,

155 2646 234 2707 fortia
240 2647 371 2729 progenie
383 2647 453 2704 bellu
463 2658 571 2726 gerente
580 2658 639 2706 tun.
727 2676 728 2680 ,
