1770 2992
176 107 223 157 335
414 109 495 155 Nux
515 108 673 156 ELEGIA.

173 212 258 339 Ergo,
279 209 429 282 sisapient,
449 217 475 264 et
485 216 601 266 mentem
610 210 693 266 verba
702 219 860 284 sequentum

231 293 357 341 evoveant
366 286 476 340 umbras
485 286 607 356 proxima
616 302 743 359 quaeque
753 304 835 342 mess.

122 372 147 415 ⁵5
175 359 395 427 Quammiserum
405 359 551 426 est‚0dium
561 359 669 414 damnis
679 361 805 418 eenedere
816 388 850 411 »μ
861 385 865 403 ι
877 362 883 373 ·

214 452 309 507 meque
317 452 389 489 ream
400 435 498 490 nimiae
506 433 685 506 proximitatis
695 435 754 510 egil

176 509 241 575 Sed,
261 518 340 581 puto,
361 526 457 595 magna
467 509 519 563 mei
528 515 568 563 est
577 526 687 580 operoso
696 527 763 565 cura
773 509 870 568 ooiom.

213 585 349 650 Invenias,
369 601 417 655 qui
427 582 471 637 det
480 582 518 638 nil
528 582 609 650 mihi,
629 591 734 655 praeter
745 584 870 641 humum.

176 657 273 729 Sponte
284 675 342 713 mea
355 655 440 711 facilis
448 664 580 714 oontemto
592 675 686 714 naseos
695 659 726 714 in
734 676 815 733 egro:

40 774 47 789 ,
123 744 148 786 ee
213 749 329 804 parsque
338 730 401 796 loni,
421 748 475 803 qun
485 730 540 798 sio,
560 732 669 804 publiea
680 734 877 805 pnenevisest.

177 808 232 872 Me,
252 813 308 860 sete
318 823 351 860 ne
360 803 476 873 laedam,
496 807 624 879 quoniam
634 814 691 863 sets
701 806 806 865 laedere
813 809 874 867 dieo

213 882 284 935 imus
294 881 322 935 in
331 887 448 936 extremo
457 882 577 956 margine
585 879 687 937 fundus
699 883 791 940 hahet,

177 957 235 1010 Non
245 954 313 1010 mihi
323 954 379 1011 falx
388 956 486 1011 nimias
496 956 618 1013 Saturnia
626 956 737 1029 deputat
745 960 874 1017 umbras:

213 1030 334 1086 duratam
343 1038 452 1087 renovat
461 1050 514 1088 non
524 1031 591 1086 mihi
604 1030 689 1088 fossor
698 1031 827 1091 humum.

123 1117 148 1160 ιε
176 1105 234 1162 Sole
245 1105 304 1161 lieet
312 1107 435 1179 siccaque
443 1106 487 1161 siti
496 1107 612 1179 peritum
621 1105 749 1176 laborem,

213 1181 329 1256 irriguae
338 1180 443 1236 dabitur
453 1198 506 1237 non
517 1182 584 1236 mihi
597 1179 689 1237 sulcus
699 1200 797 1256 aquae.

155 1256 211 1332 »At
219 1274 304 1329 quum
314 1264 431 1311 maturas
439 1256 503 1313 fisso
513 1273 581 1313 nova
590 1257 686 1313 centies
695 1258 781 1313 rimas

215 1333 349 1406 nnxngit3
369 1331 498 1404 adpertes
507 1333 693 1404 pertimsaevs
702 1333 789 1390 venit.

177 1407 276 1462 Pertiea
286 1406 330 1462 dat
341 1405 427 1478 plenis
436 1407 549 1462 immitis
558 1407 669 1463 vulnera
679 1406 778 1464 ramis:
858 1432 861 1437 ’

123 1490 149 1533 70
214 1500 247 1537 ne
256 1483 358 1553 possim
368 1481 487 1555 lapidum
497 1482 605 1538 verbera
615 1481 672 1538 sola
681 1483 769 1555 queri.

177 1557 257 1612 Poma
267 1557 379 1625 cadunt,
400 1557 499 1612 mensis
509 1575 562 1613 non
573 1557 711 1612 interdicta
721 1558 861 1626 secundm

214 1632 510 1706 etconditleeiaspama
518 1633 711 1689 oolonanuces.
751 1646 753 1650 ’

178 1707 230 1759 Has
239 1723 305 1777 puer
314 1717 360 1762 aut
368 1716 451 1763 rectas
463 1716 533 1764 certo
541 1707 681 1763 dilaminat
689 1708 758 1778 ictn3

215 1788 260 1834 aut
268 1798 365 1852 pronas
374 1783 456 1855 digito
465 1784 541 1839 bisve
551 1781 665 1838 semelve
672 1783 749 1854 petit.

123 1866 148 1908 75
176 1853 304 1921 Quattuor
312 1855 341 1909 in
352 1857 480 1922 nucibus,
502 1875 556 1912 non
566 1856 696 1928 amplius,
717 1857 775 1913 ales
784 1866 885 1915 tolnes¹

202 1946 299 2002 ,quum
309 1929 360 1983 sihi
370 1932 515 2003 suppositis
525 1932 694 1988 additurum
703 1932 800 1988 tribus.

177 2005 226 2059 Per
235 2004 338 2060 tabulae
347 2003 448 2061 clivum
459 2005 512 2060 lehi
521 2006 595 2062 iubet
604 2006 682 2076 alter3
702 2014 820 2079 etoptat,

215 2087 303 2156 tangat
313 2082 468 2137 utemultis
478 2080 625 2154 quamlibet
634 2100 688 2138 una
697 2099 786 2138 suam.

176 2155 224 2208 Est
236 2160 328 2223 etiam,
348 2157 578 2229 parsitnumenus
590 2158 638 2231 qui
648 2157 732 2224 diest,
753 2157 872 2231 animpn

123 2240 148 2282 so
213 2231 535 2289 utdivinatasauferatau
574 2251 668 2305 repes.

177 2305 220 2357 Fit
229 2322 336 2377 quoque
345 2307 378 2361 de
387 2321 466 2374 creta,
487 2326 593 2380 quaem
605 2307 724 2374 coeleste,
746 2306 844 2380 figura.

215 2379 289 2433 sidus
299 2381 362 2435 etin
372 2383 478 2437 Graecis
489 2384 572 2438 littera
581 2390 674 2455 quarta
683 2380 761 2457 gerit.

177 2454 245 2508 Haeo
254 2455 301 2509 ubi
313 2455 434 2510 distincte
443 2466 482 2512 est
491 2457 628 2530 gradibus,
643 2458 691 2530 qui
700 2457 820 2513 eonstitit
828 2456 855 2510 in

214 2537 278 2603 quot
288 2530 371 2608 tetigit
381 2531 471 2608 virga,
491 2539 529 2588 tot
540 2532 681 2605 canitinde
690 2549 782 2587 nuces.

108 2613 137 2656 85
170 2603 219 2664 Vas
229 2626 343 2688 quoque
351 2628 435 2689 saepe
445 2627 560 2679 cavum,
574 2607 663 2682 enine
672 2604 871 2665 &nemesim
