1770 2992
274 183 654 257 PRAEFATIO.

383 381 561 393 ——-..

118 496 217 596 Opus
228 521 295 578 facto
305 520 410 577 tandem
420 526 484 587 erat,
495 526 558 577 utet
570 520 660 579 Ovidii
671 540 749 595 opera
760 523 860 578 Tauch-

50 616 176 675 nitianis
191 614 275 670 literis
291 631 359 670 nora
373 611 593 685 luculentiorique
607 615 721 670 editione
731 615 862 669 exscribe-

51 716 171 772 rentur,
188 705 323 778 siquidem
336 706 409 777 prior
422 704 567 760 editicium
577 714 637 761 ante
650 708 699 761 hos
709 707 805 780 viginti
816 724 860 760 an-

53 818 110 858 nos
119 797 271 871 prodierat,
286 814 411 868 expressa
420 804 539 851 accurate
548 797 581 853 ad
591 799 862 854 Matscherhchmnum

53 890 216 962 exemplar,
232 888 327 961 quod
320 905 410 960 ipsum
424 870 717 944 ferdBurmannianum
732 891 862 960 sequitur.

53 984 143 1040 cuius
154 981 274 1036 roeansio
287 979 387 1036 hodie
379 997 433 1035 ram
448 979 482 1034 ab
493 979 599 1034 nemine
609 978 684 1033 facile
697 980 862 1050 probabitur,

54 1076 111 1149 qui
127 1071 211 1129 modo
224 1072 372 1127 accuratius
381 1080 407 1126 et
415 1070 509 1143 poesin
519 1068 608 1125 Ovidii
621 1078 646 1124 et
655 1071 713 1126 eius
724 1079 810 1126 textus
822 1073 851 1127 hi

56 1165 176 1223 storiam
189 1165 350 1238 cognoverit.
374 1164 439 1218 Utut
448 1163 520 1219 eninr
529 1163 623 1229 critici,
635 1166 683 1237 qui
693 1165 803 1220 antehac
812 1167 863 1220 sibi

56 1255 263 1314 emendandum
273 1255 399 1312 Ovidium
411 1263 589 1328 sumpserant,
604 1257 677 1312 haud
686 1274 780 1329 pauca,
792 1257 853 1312 velu

57 1348 207 1414 historica,
222 1348 407 1422 geographica,
421 1348 608 1424 mythologice,
622 1350 719 1405 rectius
733 1349 862 1413 dederint,

58 1456 150 1514 quam
165 1440 194 1495 in
209 1438 325 1515 vulgatis
341 1440 509 1515 legebantur,
525 1441 605 1498 iidem
622 1451 709 1498 tamen
724 1442 824 1506 atalia,
840 1458 854 1494 e

60 1530 140 1587 haud
158 1531 267 1603 quidem
281 1548 381 1603 pauca,
400 1549 434 1587 ex
447 1535 526 1589 certis
540 1535 702 1607 quibusdam
716 1534 862 1598 codicibus,

62 1622 235 1679 artificiosius
245 1624 394 1695 antiquitus
407 1627 552 1693 recensitis,
566 1645 704 1700 perperam
720 1633 863 1692 mutarent,

64 1732 137 1787 quae
146 1714 242 1770 intacta
251 1716 340 1787 potius
350 1715 524 1789 relinquenda
537 1725 562 1774 ct
574 1719 634 1774 sinc
646 1720 792 1773 mutatione
802 1718 850 1772 reti

31 1834 36 1847 ·
66 1805 154 1861 aenda
172 1815 260 1871 erant,
280 1823 335 1878 quc
353 1825 415 1862 vera
431 1826 461 1864 ac
475 1811 591 1883 genuina
606 1819 696 1883 poetae
709 1812 792 1866 oratio
806 1811 848 1864 sin

10 1894 300 1964 23hbeservaratur
317 1897 409 1966 veluti,
425 1908 456 1955 ut
464 1918 550 1957 unum
560 1904 638 1959 modo
647 1920 862 1968 commemorem

68 1986 153 2045 illud
144 2007 173 2045 rn
184 1987 277 2045 limine
285 1990 545 2064 Metamorphoseon·
565 1995 629 2049 Ante
642 2013 716 2049 mare
729 2004 753 2048 et
768 1998 846 2048 tello

68 2080 218 2137 ebnemine
225 2089 291 2154 puto
300 2081 379 2138 hodie
386 2084 496 2155 patienti
505 2085 594 2141 animo
604 2084 710 2141 feretur.
729 2084 863 2155 Aquibus

21 2236 25 2243 ¹
70 2180 167 2241 textus,
190 2192 245 2230 non
262 2173 506 2243 emendationibus,
526 2176 574 2231 sed
589 2177 782 2233 mutationibus
795 2172 848 2228 mal

67 2266 203 2331 institutis,
226 2283 282 2339 quc
295 2266 349 2338 bic,
366 2274 508 2346 quantum
520 2271 584 2331 beri
594 2279 691 2349 posset
700 2265 858 2344 ,praedam
