1770 2992
124 156 171 209 Πθ
306 161 334 206 P.
354 157 666 207 0v1n11NAsoms

67 275 92 317 1⁰
157 269 182 317 et
209 257 309 316 elidum
317 260 430 325 Borean,
450 258 566 331 praecipi
661 258 799 319 eNotrrm?

120 338 179 393 Non
189 278 347 399 iqlieurbee
368 332 633 390 nontumirrbereei
644 352 709 406 νοις

158 427 212 471 une
222 416 261 465 eet
270 407 363 464 iniusti
373 406 476 464 caerula
486 406 674 465 iormrmaris.

120 487 174 541 Nec
183 484 286 540 medius
295 491 387 539 tenues
397 482 510 538 conchas
519 482 639 556 pietoeve
647 482 752 557 lapillos

156 567 254 632 pontus
264 557 356 614 hebet:
376 556 462 613 bibuli
473 556 567 614 littoris
576 556 622 614 iiia
632 576 708 616 mora
715 566 762 615 eet.

67 647 92 689 15
120 634 218 690 Littera
226 632 380 689 marmoreis
389 631 503 705 pedibus
515 632 662 707 signanda,
681 632 787 722 puellae.

157 710 288 764 Hactenus
298 715 338 762 est
346 714 448 763 tutum:
468 713 763 765 creterroeeerrrrest

119 784 154 839 Et
162 783 237 839 vobis
248 782 293 838 alii
302 790 441 838 ventorum
452 779 552 854 proelia
562 790 684 854 narren23

157 875 224 930 ques
234 856 320 931 Seyiie
330 856 447 923 infestet,
467 856 813 933 quasvecmrybdisaque:

120 939 145 986 et
154 932 254 1004 quibus
263 932 395 987 emineant
402 930 517 988 violenta
529 930 660 988 Ceraunia
671 933 755 989 sexis:

67 1020 92 1062 20
157 1024 211 1079 quo
220 1004 316 1062 lateant
324 1005 414 1081 Syrien
423 1023 520 1080 magna
530 1006 673 1080 minorque
681 1006 751 1065 sinu.

119 1078 377 1137 liaeeeliireferant:
398 1086 425 1135 at
437 1098 499 1147 voe,
519 1080 593 1154 quod
601 1080 828 1157 quisquelopezr.

157 1155 266 1211 credite:
287 1154 402 1210 credenti
415 1153 706 1227 nullrproeeiianooet.

120 1230 182 1286 Sero
192 1229 331 1302 respicitur
340 1228 432 1296 tellus,
452 1228 672 1288 ubiiuneeoluto

156 1305 239 1361 currit
247 1305 276 1361 in
285 1305 448 1360 immensum
460 1304 547 1377 panda
557 1305 646 1361 carine
656 1304 751 1363 selum.

67 1392 91 1436 25
119 1382 212 1438 Navita
221 1378 349 1437 sollicitus
359 1379 413 1434 iam
423 1386 514 1435 ventos
523 1378 612 1435 horret
620 1379 737 1453 iniquos,

157 1464 182 1511 et
191 1473 271 1529 prope
280 1462 334 1511 tem
347 1453 444 1521 letum,
465 1471 546 1527 quem
554 1470 637 1527 prope
646 1460 820 1525 eernitrquane

120 1531 229 1600 Quodsi
241 1548 383 1587 concussas
393 1528 483 1584 Triton
493 1536 630 1602 exasperet
637 1529 734 1597 undae,

157 1623 239 1679 quam
250 1605 298 1660 ribi
307 1606 342 1662 sit
351 1612 403 1662 toto
412 1601 504 1660 nulius
513 1603 542 1658 in
552 1620 596 1658 ore
605 1602 691 1660 eolor!

120 1681 188 1735 Tum
197 1697 324 1754 generose
335 1698 411 1738 voees
421 1677 549 1735 fecundae
557 1677 644 1734 sidera
652 1677 750 1735 Ledae:

67 1766 92 1809 ee
156 1761 195 1820 et,
216 1753 304 1822 Felix,
324 1755 411 1822 dicas,
432 1770 512 1827 quem
525 1760 653 1807 surterre
662 1753 744 1808 tenet!

120 1828 214 1884 Tutius
227 1833 279 1893 est,
299 1828 396 1884 fovisse
405 1836 506 1897 torum3
528 1825 751 1901 iegisselibelioe3

157 1901 304 1955 Threiciam
314 1902 404 1974 digitis
414 1902 577 1976 increpuisse
587 1901 684 2031 Ιὲηω.
777 1918 780 1925 ·

119 1976 167 2046 At,
188 1974 513 2033 sivanaferuntvolucree
523 1993 582 2032 mea
611 1977 661 2033 icta
672 1973 797 2051 procellae.

156 2068 240 2126 aequa
248 2058 335 2106 tamen
344 2052 429 2124 puppi
438 2052 473 2106 sit
482 2051 589 2108 Galatea
598 2059 669 2107 tuae.

66 2138 91 2182 35
119 2128 241 2184 Vestrum
251 2126 351 2183 crimen
360 2128 409 2183 erit
417 2125 477 2181 talis
486 2127 585 2182 iactura
594 2125 710 2199 puellae,

156 2202 333 2275 Nereidesque
341 2203 417 2269 deae,
438 2200 636 2273 Nereidumque
644 2208 728 2273 peter.

119 2276 190 2332 Vade
198 2295 299 2333 memor
308 2277 405 2343 nostri,
425 2275 763 2333 ventorediturrseeundo.

156 2350 265 2421 impleat
273 2350 319 2407 iila
327 2360 386 2407 tuos
399 2350 490 2408 fortior
502 2368 566 2405 aura
575 2350 663 2407 sinus.

120 2427 194 2481 Tunc
206 2442 277 2479 mare
287 2426 316 2479 in
326 2426 390 2481 haec
398 2442 514 2499 magnus
524 2423 636 2480 declinet
645 2424 732 2481 littore
740 2424 827 2479 Nereus

66 2509 91 2555 40
156 2500 210 2560 huc
224 2499 295 2553 venti
305 2506 435 2569 spectent:
456 2500 510 2555 huc
520 2506 580 2574 agat
590 2507 678 2555 aestus
688 2516 779 2572 aquae.

119 2575 178 2645 Ipsa
188 2589 277 2647 roges,
298 2574 411 2648 Zephyri
419 2576 528 2630 veniant
536 2577 565 2630 in
575 2573 655 2631 lintea
663 2573 736 2649 pleni
742 2593 752 2632 r

156 2649 213 2722 ipsa
222 2654 266 2705 tua
276 2666 382 2708 moveas
391 2648 499 2729 turgida
509 2649 571 2707 veie
579 2667 677 2704 mem.
796 2680 800 2685 ·

79 2878 169 2906 A
