1786 2992
215 161 420 208 HEROIDES.
450 164 503 209 ΕΡ.
519 164 560 210 v1.
725 163 756 215 27

53 259 177 331 implesse
187 261 278 315 aetatis
288 259 341 316 late
352 262 447 317 diurne
456 280 530 318 suae,

21 334 119 389 Devictc
130 344 261 406 serpente,
272 336 378 402 iterum,
390 338 413 390 si
424 337 497 392 vivet
506 338 591 403 lason,

54 409 223 481 quaerimus;
244 409 374 465 alternant
382 429 496 484 spesque
505 412 637 484 timorque
646 413 734 468 fidem.

24 482 126 558 Singula
136 481 203 538 dum
214 492 316 551 nerrat3
337 487 425 541 studio
436 503 570 558 cursuque
581 486 715 559 loquendi,

55 558 150 632 detegit
158 559 267 632 ingenio
277 558 386 614 vulnere
396 559 462 614 lecte
471 578 530 616 suo.
788 574 809 617 tu

26 632 86 687 lleul
107 633 155 688 ubi
167 632 338 704 pactafidee?
355 635 664 691 ubiconnubielieiura‘l

56 706 151 778 faxque
160 708 213 762 eub
223 725 329 762 arsuros
339 708 443 780 dignior
453 710 491 763 ire
501 710 597 783 rogos?

29 781 78 836 lien
87 799 136 856 ego
145 800 208 836 eum
217 781 310 837 furtim
319 782 368 836 tihi
377 784 494 855 cognitu
514 785 710 856 pmnubalune

57 855 147 922 adluit,
169 865 195 911 et
202 856 279 911 sertis
291 865 408 927 tempora
417 858 523 913 vinctus
532 859 644 932 Hymen.

31 927 56 984 lt
63 931 127 984 mihi
136 948 186 986 nec
197 932 264 987 luno
275 948 323 986 nec
332 933 444 1005 Hymen,
457 933 503 987 sed
513 933 594 987 tristis
603 935 720 1010 Erinnys
788 946 810 988 tr»

59 1005 178 1076 praetulit
187 1004 315 1060 infaustas
324 1005 524 1080 sanguinolenta
534 1007 612 1062 laces.

33 1076 89 1144 Quid
98 1081 164 1135 mihi
175 1097 238 1135 cum
246 1079 363 1154 Minyis?
380 1080 446 1152 quid
457 1099 518 1136 cum
530 1083 662 1138 Tritonide
670 1084 755 1155 piuu‘?

60 1155 120 1226 quid
128 1155 177 1209 tibi
187 1172 250 1210 cum
258 1156 352 1226 patria,
373 1156 460 1210 nevile
471 1157 566 1230 Tiphy,
588 1157 664 1212 mee‘l

34 1225 79 1283 llon
88 1237 140 1284 eret
149 1230 269 1284 hiceries
278 1228 342 1285 villo
352 1230 501 1301 spectabilis
513 1249 604 1286 aureo:

61 1321 103 1359 nec
112 1305 185 1359 senis
194 1306 287 1359 Aeetae
297 1305 368 1378 regie
378 1305 492 1360 lemnos
501 1314 564 1359 erat.
786 1320 810 1358 ευ

37 1374 95 1432 Certe
104 1378 141 1434 lui
152 1380 240 1451 primo
252 1378 308 1452 (scd
317 1395 360 1433 me
368 1395 427 1433 mee
436 1379 488 1433 ieta
497 1379 654 1450 trahebant)

62 1452 160 1525 hospita
172 1452 285 1507 feminee
294 1453 390 1524 pellere
399 1460 485 1507 cestre
495 1470 586 1507 manu.

37 1522 230 1600 Lemniadesque
238 1527 318 1593 viros,
350 1526 466 1583 nimium
484 1543 599 1599 quoque,
621 1527 724 1581 vincere

548 1613 653 1656 norunt.

62 1674 138 1732 Milite
150 1683 205 1734 tam
216 1674 274 1730 lorti
283 1677 340 1748 ripe
350 1676 447 1731 tuenda
459 1675 517 1730 luit.

37 1742 91 1804 Urbe
97 1751 187 1807 virum
197 1751 263 1815 vidi,
285 1758 402 1822 tectoque
411 1751 553 1822 animoque
562 1753 661 1823 recepi:

62 1822 100 1880 liic
109 1826 159 1880 tibi
169 1825 265 1897 bisque
276 1833 360 1880 aestus
369 1826 464 1898 bisque
472 1826 588 1880 cucurrit
602 1827 696 1880 hicme

37 1892 209 1955 Teumesia
219 1906 281 1964 erat,
302 1916 388 1971 quum
398 1908 436 1965 tu,
457 1899 707 1966 darevelacoectus,

62 1973 171 2046 implesti
182 1974 297 2029 lacrimis
308 1974 369 2029 talia
377 1976 457 2030 verbe
466 1976 533 2029 tuis:

35 2042 172 2116 Abstrahor,
184 2049 344 2124 Hypsipyle:
366 2049 421 2114 sed,
442 2048 701 2105 dentmodoletere-

548 2141 652 2186 cursus,

60 2197 170 2253 tirtuue
180 2198 329 2253 hincabeo:
351 2199 392 2252 vir
401 2198 449 2252 tibi
458 2215 562 2268 semper
573 2215 625 2253 ero.
787 2211 811 2250 lc

34 2265 95 2334 Quod
106 2282 194 2328 tamen
207 2273 307 2328 encbis
316 2273 424 2345 gravide
433 2272 531 2327 celetur
540 2268 569 2326 in
579 2271 647 2337 alvo,

60 2348 143 2416 vivet3
164 2353 190 2402 et
200 2347 320 2402 eiusdem
329 2347 414 2401 simus
423 2355 534 2419 uterque
542 2364 647 2419 parens.

32 2417 165 2492 llactcnue3
187 2429 221 2487 et,
242 2420 358 2476 lacrimis
367 2421 395 2476 in
404 2421 470 2476 falsa
482 2422 636 2476 cedentibus
646 2439 699 2486 ore,

61 2505 156 2553 caetere
165 2503 191 2550 te
201 2497 311 2551 memini
322 2514 374 2551 non
384 2498 502 2568 potuisse
511 2496 594 2568 loqui.

32 2567 250 2627 Ultimueesociis
259 2588 360 2626 sacram
370 2571 524 2628 conscendis
533 2571 564 2626 in
574 2572 654 2648 Arge.
788 2580 812 2618 ti

55 2644 194 2698 Illerolat:
215 2653 310 2703 ventus
319 2664 439 2708 concava
450 2648 511 2709 vela
522 2657 606 2711 tenet.
