1770 2992
116 158 149 212 28
298 160 326 205 1².
347 159 473 205 ov11>11
490 157 659 204 NASONIS

117 262 226 318 Caerula
235 259 377 332 propulsae
386 257 543 315 subducitur
551 257 626 313 unda
635 259 749 313 carinae.

154 338 232 391 Terra
241 335 299 401 tibi,
320 333 397 390 nobis
406 332 589 405 adspiciuntur
597 349 692 404 aquae.

118 414 147 466 In
158 411 226 466 latus
234 425 313 465 omne
320 416 413 481 patens
421 408 503 462 turris
511 407 691 479 circumspicit
698 407 795 463 undas:

64 499 89 540 tn
153 484 298 551 huoforor3
318 490 344 537 et
354 481 469 537 lacrimis
478 498 561 554 osque
572 481 704 554 sinusque
712 482 801 537 maden

118 562 167 615 Per
176 558 298 614 lacrimas
309 564 411 628 specto;
432 556 597 628 cupidaeque
606 554 720 612 larentia
732 566 800 612 ment

155 634 261 708 longius
271 631 379 687 adsueto
389 630 491 686 lumina
501 637 589 686 nostra
599 630 699 686 vident.

118 709 192 764 Adde
204 724 293 780 preces
302 714 396 770 castas,
416 705 587 776 immistaque
595 712 656 760 vota
665 707 763 772 timori,

156 800 228 839 nunc
237 798 344 853 quoque
357 789 381 834 te
392 779 465 836 salvo
475 779 648 859 persoluenda
658 781 736 836 milri.

65 872 90 914 75
117 860 182 915 Vota
192 875 240 933 ego
327 853 416 910 lvamt
433 861 502 909 votis
511 853 729 910 Modealruetur‘t

156 932 249 989 Cordo
259 939 293 996 et,
313 938 392 1004 atquo
402 930 440 985 ira
450 929 546 985 mistus
559 928 676 984 abundat
686 947 768 986 amor.

119 1005 283 1063 Donaferam
293 1004 408 1077 templis,
429 1004 524 1060 vivum
532 1002 605 1074 quod
614 1004 707 1059 lasona
715 1003 801 1076 perdo?

156 1081 240 1138 hostia
252 1099 300 1152 pro
308 1080 414 1135 damnis
422 1077 541 1135 concidet
549 1078 599 1132 icta
610 1077 696 1132 meis?

119 1159 178 1212 Non
188 1155 311 1227 equidem
321 1171 412 1211 secura
422 1152 474 1221 lui;
495 1169 652 1225 semperque
660 1154 777 1219 verebar,

67 1245 92 1286 so
157 1248 189 1285 nc
200 1237 272 1300 pater
281 1228 401 1302 Argolica
411 1235 526 1282 sumeret
535 1228 602 1282 urbe
611 1245 721 1283 nurum.

120 1304 259 1379 Argolidas
268 1304 361 1358 timui:
382 1302 473 1358 nocuit
481 1302 547 1356 mihi
558 1301 668 1356 barbara
680 1302 776 1374 pellex.

157 1383 215 1436 Non
229 1386 363 1452 expectato
371 1376 472 1434 vulnus
482 1376 599 1432 ablnosto
608 1376 666 1430 tuli.

120 1459 173 1510 Nec
184 1456 248 1510 facio
259 1455 394 1510 meritisvo
401 1451 499 1524 placst;
520 1450 566 1505 sed
578 1450 695 1505 carmine
704 1451 797 1506 movit:

157 1531 267 1601 diraque
275 1537 376 1585 cantata
385 1527 483 1599 pabula
493 1524 559 1583 talea
570 1525 652 1579 metit.

68 1616 92 1657 85
121 1603 167 1658 llla
177 1602 346 1661 reluctantem
354 1619 435 1655 cursu
447 1600 574 1655 deducere
583 1600 686 1654 lunam

159 1677 260 1739 nititur,
280 1683 306 1728 et
315 1674 430 1728 tenebris
438 1674 535 1732 abdere
542 1672 611 1730 Solis
621 1691 714 1746 equos.

121 1750 168 1806 illa
178 1749 289 1806 refrenat
297 1765 390 1820 aquas,
410 1746 571 1822 obliquaque
579 1746 690 1803 {lumina
700 1747 782 1803 sistit:

159 1824 203 1878 illa
213 1823 269 1879 loco
278 1822 359 1878 silvas
368 1823 483 1896 vivaque
491 1841 554 1879 saxa
563 1830 660 1878 movet.

122 1901 170 1953 Por
181 1895 298 1959 tumulos
309 1906 376 1954 errat
387 1899 487 1970 sparsis
496 1898 624 1954 discincta
634 1896 748 1969 capillis,

69 1988 93 2028 so
158 1981 279 2045 certaque
288 1972 321 2027 ds
333 1973 427 2043 tepidis
437 1972 536 2046 colligit
545 1989 604 2026 ossa
614 1973 694 2045 rogis.

122 2051 235 2103 Devovet
245 2047 374 2113 absentes,
395 2045 767 2120 simulacraqueceroafingit¹

159 2131 184 2177 ot
193 2123 321 2176 miserum
332 2130 424 2178 tenues
433 2123 462 2176 in
474 2122 546 2176 iecur
555 2128 631 2192 urget
641 2137 713 2174 acus.

17 2236 20 2239 ι
122 2200 155 2254 Et
163 2198 240 2270 [quae
250 2197 387 2252 nescierim
397 2197 514 2269 melius)
532 2195 601 2249 male
613 2194 749 2266 quaeritur
758 2193 801 2247 her

160 2272 278 2327 moribus
287 2279 312 2326 et
321 2271 404 2327 forma
412 2270 606 2334 conciliandus,
627 2286 709 2325 amor.

70 2360 94 2401 95
123 2349 196 2401 Hanc
204 2355 276 2417 potes
287 2344 427 2418 amplecti?
445 2344 614 2416 thalamoque
623 2343 730 2398 relictus
739 2342 769 2398 in
778 2360 801 2398 u

160 2420 311 2492 impavidus
322 2438 423 2484 somno,
445 2427 519 2475 nocte
528 2420 629 2482 silente¹
651 2417 722 2472 lrui‘l

123 2496 225 2550 Scilicet
234 2504 263 2549 ut
273 2503 370 2560 tauros,
391 2495 426 2548 ita
436 2500 460 2548 te
471 2494 532 2568 iuga
542 2493 714 2566 ferreco'e'git:

161 2588 267 2643 quaque
278 2569 344 2625 ieros
354 2586 463 2642 angues,
485 2577 626 2641 tequoque
635 2567 742 2632 mulcet,
763 2584 801 2639 op

122 2646 206 2711 node,
227 2645 298 2718 quod
311 2644 423 2699 adscribi
437 2642 511 2699 lactis
520 2659 713 2717 procerumque
721 2642 801 2711 tuisrp

166 2912 195 2938 A
