1770 2992
117 117 167 173 234
307 121 334 166 Ρ.
356 119 483 172 ovmn
500 119 672 169 NASONIS

154 220 292 295 palliolum
304 219 396 277 nitidis
409 220 569 291 imposuisse
581 219 677 279 camis.

64 309 103 352 705
117 298 261 352 Attenuant
269 295 399 352 iuvenum
408 294 531 368 vigilatae
540 311 649 366 oorpora
660 301 723 356 notat

155 389 285 444 curaque,
306 379 332 427 et
340 370 472 428 immenso
481 371 530 443 qui
539 370 569 424 fit
578 385 686 436 amore,
706 368 723 427 d

120 447 153 501 Ut
162 455 222 501 voto
232 446 398 517 potiaretuo‚
419 443 580 503 miserabilis
590 451 663 504 asto:

156 527 199 584 ut,
220 518 413 592 quitavideat,
434 519 520 575 dicero
559 576 562 580 ,
594 519 629 586 ’0,
649 517 723 578 Amat

120 592 281 666 Conquerar,
293 611 327 648 00
337 610 468 660 moneam,
486 611 523 649 00
545 592 644 651 umiae
653 610 714 649 esse

67 679 105 725 tto
157 669 259 725 Nomen
269 668 384 725 amicitia
392 676 444 735 est,
466 685 564 725 nomeu
573 668 655 734 inape
664 667 723 725 fido

120 744 166 799 Hei
175 744 255 797 mihil
267 761 321 799 non
331 750 419 798 tutum
425 751 474 808 est,
484 741 646 816 quodames,
657 741 723 802 laud

156 818 247 884 Quum
258 817 305 877 tibi
316 817 433 873 laudanti
443 817 567 884 eredidit,
588 817 648 888 ipse
656 817 721 873 suhi

120 891 155 947 At
164 909 217 946 nou
226 890 360 946 Actorides
371 891 468 947 lectum
479 893 616 951 temeravit
624 891 724 949 Achilli

157 973 288 1038 quantum
298 965 332 1023 ad
339 966 501 1035 Pirithoum,
522 966 723 1039 Phaedrapudn

67 1051 105 1098 745
120 1041 279 1097 Hermionen
331 1041 411 1108 ledes,
423 1059 478 1113 quo
487 1041 593 1099 Pallada
603 1042 723 1101 Phoebus

157 1116 282 1191 quodque
291 1117 310 1171 t’
330 1117 486 1190 iguminus,
508 1116 640 1192 Tyndari,
662 1116 723 1173 Cast

120 1192 148 1248 Si
158 1193 220 1266 quis
230 1192 301 1251 idem
312 1198 412 1263 sperat3
434 1191 533 1248 laturas
542 1209 623 1264 poma
632 1192 723 1266 myria

158 1274 260 1340 speret,
279 1274 305 1327 et
316 1265 427 1327 emedio
436 1265 547 1327 flumine
555 1266 634 1324 mella
643 1274 723 1339 petat.

122 1343 180 1408 Nil,
202 1342 254 1399 nisi
270 1349 360 1414 turpe,
380 1340 468 1399 iuvat:
499 1359 578 1402 curae
591 1349 632 1471 olet
645 1359 723 1401 suae

489 1453 492 1458 -
607 1435 625 1472 u
647 1424 696 1473 tas.

68 1506 107 1550 750
158 1495 227 1548 Haeo
236 1490 504 1567 quoqueahalterius
512 1433 723 1566 gratadoloreve

121 1570 179 1625 ileu
188 1567 301 1634 facinus,
322 1585 374 1630 non
386 1574 426 1622 ost
435 1567 519 1623 hostis
527 1566 690 1628 metuendus
699 1584 723 1626 ar

88 1712 90 1716 y
154 1644 231 1710 Quos
241 1642 326 1699 credis
337 1641 414 1710 fidos,
428 1641 528 1715 effuge3
549 1649 625 1697 tutus
634 1642 699 1697 eris.

123 1717 271 1792 Cognatum
280 1717 440 1791 fratremque
448 1734 524 1782 cave.
545 1716 723 1789 fidumqueso

159 1792 295 1863 praebebit
303 1810 380 1850 veros
389 1793 454 1848 haeo
463 1791 511 1847 tibi
521 1791 598 1847 turba
609 1799 709 1849 matus.

69 1879 107 1921 755
122 1866 261 1921 Finiturus
270 1883 356 1922 eram:
377 1867 424 1922 sed
434 1874 498 1923 sunt
506 1867 610 1923 diversa
618 1866 719 1939 puellis

158 1946 271 2013 pectora.
300 1940 374 1997 Mille
383 1942 486 1998 animos
495 1943 587 2014 excipe
595 1941 671 1996 mille
680 1960 723 1998 mo

122 2016 176 2072 Nee
185 2013 550 2087 telluseademparitomnia.
580 2017 688 2075 Vilibus
698 2017 723 2078 ill

160 2091 296 2160 eonvenit3
317 2090 469 2148 haeeoleis:
490 2091 723 2153 hiobanofarrau

122 2169 275 2224 Pectoribus
284 2184 370 2228 mores
379 2173 416 2223 tet
425 2175 504 2233 sunt,
525 2174 591 2239 quot
599 2167 628 2222 in
638 2167 723 2223 orbel

69 2255 109 2297 700
160 2245 207 2316 qui
217 2244 300 2316 sapit,
320 2242 469 2301 innumeris
479 2242 599 2299 moribus
610 2250 688 2312 aptus
698 2259 723 2297 er

123 2319 210 2392 thue
220 2318 291 2380 leves
300 2320 408 2381 Proteus
417 2316 495 2377 modu
504 2334 532 2372 se
541 2317 667 2373 tenuabat
675 2316 723 2373 int

76 2431 77 2434 ¹
161 2410 234 2447 nunc
244 2392 297 2458 leo,
318 2393 489 2458 nuncetiam,
511 2408 584 2447 nunc
593 2399 648 2446 erat
657 2390 723 2447 hirti

125 2465 153 2519 hi
164 2464 249 2522 iaculo
257 2467 358 2537 pisces,
378 2464 423 2522 illi
427 2467 568 2539 capiuntur
578 2465 612 2521 ab
621 2465 723 2522 hamis:

162 2540 209 2595 hos
219 2558 282 2595 cava
292 2547 412 2598 contento
421 2541 485 2599 retia
498 2539 561 2597 fune
571 2540 690 2598 trahunt.

71 2625 110 2667 755
124 2614 178 2668 Nec
188 2614 235 2686 tibi
245 2616 382 2684 conveniet
391 2623 498 2673 cunctos
509 2615 604 2672 modus
615 2633 687 2673 unus
700 2634 723 2671 a<
