1770 2992
122 119 170 173 200
310 122 338 167 P.
360 119 486 169 ovum
503 120 675 168 Neeoms

157 221 200 277 Ah
210 220 291 276 nimis
301 239 335 276 ex
344 239 407 277 vero
416 237 489 276 nunc
498 218 548 275 tihi
560 237 660 275 nomen
673 220 737 277 enti

67 311 79 354 5
120 296 167 352 Ille
177 295 217 351 tui
226 303 299 352 vades
308 296 405 368 operis,
427 292 562 359 tuafeme,
583 293 710 350 Tibullus

158 369 231 427 erdet
239 370 268 428 in
276 377 418 436 exstructo,
439 386 536 441 corpus
546 368 636 435 inens,
657 387 731 443 rogo.

120 447 189 503 Ecce
197 462 265 518 puer
272 445 382 503 Veneris
393 444 442 500 fert
451 460 627 572 eversemtiue
635 443 755 515 pharetra

158 527 184 576 et
192 520 287 578 fractos
297 538 384 586 arcus,
405 526 431 574 et
440 517 499 574 sine
509 516 567 573 luce
587 535 673 573 ecem.

120 595 244 668 Adspice,
265 594 390 650 demissis
399 598 480 649 uteet
490 591 652 647 miserabilis
663 592 727 662 alis;

67 683 93 726 ιο
158 677 316 743 pectoreque
324 667 419 724 infeste
428 667 523 723 tundat
532 673 622 738 aperte
631 684 725 723 manu.

120 744 266 816 Excipiunt
278 742 400 800 lacrimas
410 741 495 815 sparsi
505 759 553 814 per
562 740 630 797 colla
639 742 739 814 capilli.

158 835 257 891 oraque
266 817 388 891 singultu
397 816 561 873 concutiente
571 824 678 872 sonent.

121 892 221 948 Fratris
231 891 259 946 in
268 890 371 947 Aeneae
381 893 420 946 sic
429 891 506 946 illum
517 889 609 946 funere
619 890 714 947 dicunt

158 984 295 1041 egressum
305 967 388 1032 tectis,
409 965 521 1038 pulcher
529 965 595 1032 lide,
616 967 682 1021 tuis.

67 1055 92 1096 15
120 1043 174 1096 Nec
185 1040 276 1096 minus
285 1048 325 1097 est
333 1040 442 1097 confusa
452 1041 553 1106 Venus,
573 1040 703 1096 moriente
712 1040 755 1094 Tii

158 1134 240 1188 quem
251 1116 356 1172 iuvenis
365 1115 437 1188 rupit
446 1133 533 1188 quum
541 1114 614 1170 ierus
624 1115 727 1190 inguen
736 1133 755 1187 a]

121 1190 230 1248 disecti
240 1199 312 1248 vates
322 1199 348 1246 et
357 1191 451 1246 divum
461 1207 525 1245 cure
534 1207 677 1246 vocamur:

159 1274 223 1322 sunt
231 1267 320 1332 etiem,
341 1265 448 1338 quinos
458 1282 559 1320 numen
568 1264 668 1320 hebere
676 1272 755 1338 puten

122 1341 225 1396 Scilicet
234 1358 312 1397 omne
324 1357 429 1395 sacrum
438 1357 511 1395 mors
520 1339 675 1412 importime
684 1339 755 1412 profe

68 1428 93 1471 20
158 1415 284 1471 omnibus
294 1415 421 1471 obscures
431 1414 517 1470 iniicit
528 1413 574 1471 illa
586 1432 696 1470 manus.

123 1489 406 1563 Quidpeterlsmaric,
426 1489 493 1563 quid
501 1495 586 1544 meter
594 1488 704 1561 profuit,
725 1488 755 1545 01

160 1566 276 1620 carmine
285 1565 352 1639 quid
362 1565 445 1621 victas
455 1563 628 1636 obstupuisse
637 1562 725 1619 ieras?

122 1639 235 1695 Aeiincn
247 1640 275 1694 in
286 1639 363 1695 silvis
373 1639 445 1695 idem
453 1645 542 1711 peter,
562 1638 683 1706 selinon,
704 1637 755 1693 eltis

158 1714 256 1770 dicitur
265 1715 347 1771 invite
358 1713 525 1772 concinuisse
534 1713 602 1788 lyra.

68 1800 93 1844 25
121 1787 234 1859 Adspice
243 1789 408 1856 Maeoniden,
429 1807 517 1862 equo,
537 1805 586 1843 ceu
597 1787 670 1844 iente
679 1804 755 1860 peren

158 1868 250 1916 vetum
260 1863 354 1917 Pieriis
362 1880 407 1919 ore
417 1864 439 1917 ri
460 1862 640 1935 anturnquis3

121 1936 194 1991 hunc
203 1952 310 2008 quoque
319 1954 426 1993 summe
435 1882 492 1994 dies
503 1938 579 2012 nigro
588 1936 734 1992 submersit
744 1934 755 1990 i

158 2009 304 2085 diffugiunt
312 2010 404 2067 avidos
415 2013 533 2067 carmina
546 2011 602 2068 sola
612 2030 700 2086 rogos.

121 2086 203 2143 Durat
213 2103 281 2160 opus
292 2093 393 2152 vetum,
415 2087 521 2143 Troiani
531 2085 601 2143 fame
613 2086 722 2151 laboris,

69 2171 94 2214 30
160 2162 287 2236 tardaque
296 2170 424 2219 nocturno
433 2161 483 2217 tela
495 2168 593 2216 retexta
602 2160 673 2217 dolo.

122 2235 167 2292 Sic
175 2238 295 2294 Nemesis
306 2238 431 2312 longum,
452 2237 491 2291 sic
503 2235 585 2301 Delia,
606 2253 705 2292 nomen
718 2235 755 2290 he?

159 2310 239 2368 altere
249 2330 312 2368 cure
321 2330 421 2379 recens,
441 2311 521 2367 altere
530 2310 635 2382 primus
645 2328 729 2367 emor.

124 2383 196 2450 Quid
208 2403 281 2443 nunc
292 2404 367 2442 secra
376 2384 488 2442 iuvent?
505 2385 572 2458 quid
582 2403 656 2441 nunc
664 2386 755 2460 Aegyp

595 2467 660 2515 sunt

161 2532 257 2588 sistra?
275 2533 342 2606 quid
356 2535 385 2589 in
394 2551 478 2590 vacuo
487 2534 642 2590 secubuisse
651 2532 725 2589 toro?

70 2617 96 2659 es
124 2604 214 2672 Quum
224 2608 328 2682 rapiant
337 2608 406 2664 mala
417 2608 468 2663 iate
477 2609 572 2674 bonos,
582 2608 721 2682 (ignoscite
729 2605 754 2661 ia
