1770 2992
135 110 183 163 teo
312 114 343 160 r.
364 113 494 162 ovrou
511 113 684 163 pacorus
771 86 776 93 '

170 214 280 280 dieitur,
300 212 885 271 etmrdtieiaieamataviria.1

135 289 237 361 Diripui
248 288 381 358 tunicam
402 306 451 345 neo
458 286 646 345 multumne·
655 288 780 347 nodabat:
852 294 855 299 '

171 364 308 438 pugnabat
317 364 406 420 tunioe
416 370 541 419 eetamen
551 361 673 439 iliategi.
883 391 885 412 1

82 451 106 493 15
134 439 278 511 Quumque
296 438 332 493 ita
343 446 494 513 pugnaret,
513 445 643 511 tanquam
663 454 735 513 quoe
751 437 844 495 vineat
883 473 885 476 -

612 510 705 581 nollet.

173 591 241 643 vieta
253 596 293 642 est
303 604 356 643 non
366 604 443 661 aegre
452 586 669 659 proditionem.

139 663 171 718 Ut
179 662 250 717 stetit
259 670 319 717 ante
331 661 436 727 oeulos,
456 662 543 734 posito
551 661 702 728 velamine,
722 668 828 725 nostroe,
884 728 885 743 χ

175 738 202 792 in
214 744 267 793 toto
278 753 411 809 nusquam
423 752 531 809 eorporo
540 736 637 791 menda
645 736 709 793 fuit.

137 812 209 879 Quos
222 811 361 877 humeros,
381 810 540 883 qualesvidi
549 810 810 885 tetigiquelaoertoei
844 844 847 851 -

84 899 108 942 2⁰
174 884 662 959 Formapopiliarumquamiuitopta
671 885 773 959 premii

138 961 224 1028 Quam
234 961 358 1036 castigato
367 959 464 1033 planus
473 960 527 1016 sub
535 968 640 1034 pectore
648 960 754 1016 venter!

174 1043 305 1107 quantum
315 1043 340 1091 et
349 1034 426 1108 quale
437 1035 520 1101 latus,
540 1052 623 1109 quam
632 1033 750 1091 iuvenile
759 1028 845 1089 femur!

138 1110 247 1185 Singula
259 1108 464 1183 quidreieram?
492 1107 535 1167 Nil
547 1126 600 1165 oon
610 1108 743 1165 laudabile
751 1106 813 1171 vidi,
874 1169 875 1172 Ἴ

176 1193 202 1241 et
211 1184 311 1240 nudam
319 1183 444 1257 pressioo
476 1184 754 1257 ueaduequemeum.

85 1273 110 1315 25
139 1261 243 1318 Caetera
252 1260 314 1333 quie
326 1257 426 1315 nescit?
474 1261 527 1316 assi
537 1259 721 1333 requievimus
729 1256 813 1315 ambo.

177 1336 335 1393 Proveniant
344 1334 425 1389 medii
435 1335 474 1389 aio
483 1333 549 1390 mihi
559 1350 639 1407 saepe
647 1334 716 1390 dies.

345 1503 580 1559 ELEGlA
628 1503 687 1557 Vt.

141 1616 241 1679 Ianitor
250 1623 359 1698 indigne
367 1623 434 1679 dura
444 1620 552 1697 religate
562 1630 662 1689 eatena,

178 1698 312 1754 difficilem
323 1707 393 1756 moto
402 1697 509 1755 cardine
517 1697 604 1770 pande
614 1696 708 1754 forem.

141 1773 217 1841 Quod
227 1791 331 1844 precor,
352 1774 481 1848 exiguum
491 1780 544 1828 eet:
565 1771 638 1827 aditu
648 1771 689 1827 fao
698 1772 777 1827 ianua
785 1780 852 1843 pert⁰

178 1847 319 1917 obliquum
329 1848 414 1919 capiat
423 1847 614 1920 semiadaperta
624 1845 704 1902 latus.

89 1935 100 1976 5
141 1925 249 1995 Longus
260 1939 333 1976 amor
344 1920 408 1977 tales
418 1940 515 1996 eorpus
525 1922 645 1978 tenuavit
652 1921 682 1977 in
692 1938 769 1986 usus,

179 2004 291 2068 aptaque
300 1997 429 2054 subducto
439 1998 553 2069 pondere
565 1998 684 2052 membre
693 1995 776 2051 dedit.

143 2073 188 2128 Ille
197 2089 243 2143 per
253 2072 378 2127 excubias
387 2073 527 2128 custodum
539 2072 631 2127 leniter
640 2072 679 2126 ire

179 2155 319 2215 monstrat3
339 2145 734 2221 inoffeneoedirigitiliopedes.

144 2227 176 2278 At
185 2222 320 2294 quondam
333 2231 434 2278 noctem
444 2222 640 2294 simulacraque
649 2239 719 2277 vana
727 2220 857 2279 timebant

89 2308 114 2351 to
180 2297 307 2360 mirabar¹
328 2298 442 2352 tenebris
452 2297 475 2351 si
485 2297 548 2369 quis
558 2297 644 2352 iturus
653 2304 718 2351 erat.

143 2371 224 2438 Risit,
244 2378 275 2426 ut
284 2371 400 2436 audivit,
421 2379 579 2427 teneraoum
590 2379 672 2427 matre
682 2368 797 2442 Cupido,

181 2454 206 2501 et
216 2445 320 2510 ieviter,
340 2445 400 2500 Fies
409 2451 438 2500 tu
448 2463 556 2519 quoque
565 2445 653 2510 fortis,
673 2446 720 2500 ait.

143 2523 197 2590 Neo
207 2539 289 2584 mora,
301 2519 374 2574 venit
383 2537 466 2574 amor.
486 2522 543 2577 Non
555 2523 664 2577 umbras
675 2516 865 2575 noctavota'nee

181 2614 234 2652 non
244 2595 322 2651 timeo
331 2595 433 2650 strictas
442 2594 469 2649 in
481 2612 538 2651 mea
550 2595 600 2650 iata
610 2611 716 2650 monus.
