1770 2992
121 136 168 188 ⁴34
306 141 333 185 1‘.
355 138 481 186 ovum
499 139 670 186 Nasoms

65 255 89 298 2⁰
155 240 234 296 verbo
244 239 314 314 leges
323 237 429 312 digitis,
449 238 628 295 verbauctala
640 256 719 295 mero.

118 316 209 383 Quum
219 315 267 370 libi
278 321 414 370 succurret
421 314 531 369 Veneris
542 312 651 370 lascivia
660 322 761 377 nostrae.

156 406 304 463 purpureas
313 398 402 444 tenero
411 387 507 461 pollice
515 395 595 463 tange
604 407 697 463 genas.

120 466 146 521 Si
156 464 223 537 quid
232 465 294 530 erit,
315 463 570 536 demelacicaquod
579 471 668 520 mente
676 462 790 538 queraris

157 539 269 613 pendeat
277 546 392 594 extrema
404 537 492 593 mollis
501 539 536 593 ab
545 555 610 595 aure
619 556 725 595 manus.

66 628 91 670 25
120 616 211 682 Quum
223 613 286 679 tibi,
307 612 491 685 quaeiaciam‚
512 630 571 668 mea
581 612 652 743 luxss‘
659 603 807 679 dicamve‚pl

595 704 625 742 oe
643 697 702 754 unt,

158 771 277 819 versetur
286 762 377 836 digitis
386 761 504 818 annulus
513 779 600 834 usque
610 763 675 818 tuis.

121 838 807 912 Tangemanumonsam,tanguntquomoroprcorc

157 912 260 984 optabis
271 912 363 967 merito
374 929 461 985 quum
470 909 541 967 male
549 910 635 968 multa
644 912 712 968 viro.

120 987 197 1055 Quod
207 986 255 1041 tibi
265 987 413 1053 miscuerit¹
435 986 537 1058 sapias,
558 986 633 1042 bibat
641 987 699 1059 ipse
707 986 793 1042 iubeto:

68 1076 92 1118 uc
158 1071 188 1117 tu
197 1078 311 1133 puerum
321 1059 512 1134 leviterposoe‚
533 1060 605 1133 quod
615 1062 674 1134 ipsa
686 1060 762 1117 voles.

121 1138 194 1205 Quae
203 1144 232 1191 lu
242 1135 400 1201 reddideris,
420 1152 469 1210 ego
479 1135 585 1208 primus
594 1135 690 1208 pocula
702 1146 803 1199 sumaim

158 1220 245 1284 etqua
256 1210 406 1276 inhiberis,
426 1209 534 1284 hacego
546 1221 619 1282 parte
629 1211 730 1266 bibam.

121 1288 149 1343 Si
159 1288 206 1342 tibi
217 1286 282 1342 forte
290 1284 377 1350 dabit,
397 1302 466 1357 quos
476 1286 684 1359 praegustaverit
693 1287 755 1359 ipse,

159 1363 236 1417 reiice
245 1361 338 1416 libatos
351 1359 425 1414 illius
434 1377 479 1415 ore
488 1360 571 1415 cibos.

68 1450 93 1491 35
121 1440 175 1494 Nec
182 1446 284 1509 premat
293 1434 337 1490 ille
347 1436 405 1490 suis
413 1435 493 1490 sinito
502 1442 548 1489 tua
556 1434 622 1490 colla
632 1433 744 1492 lacertis.

159 1513 222 1566 mite
232 1529 281 1567 nec
290 1511 318 1565 in
329 1510 414 1584 rigido
422 1518 526 1582 pectore
534 1526 604 1581 pone
614 1517 704 1582 caput.

121 1588 175 1642 Nec
185 1587 262 1641 sinus
271 1585 392 1641 admittat
401 1584 512 1658 digitos,
533 1583 670 1640 habilesve
678 1585 790 1658 papillae.

159 1660 256 1716 Oscula
264 1660 406 1732 praecipue
414 1658 488 1714 nulla
498 1658 603 1713 dedisse
611 1658 689 1715 velis.

122 1734 219 1790 Oscula
229 1735 253 1789 si
261 1733 378 1802 dederis,
400 1734 463 1789 fiam
472 1732 630 1789 manifestus
641 1742 749 1800 amator,

68 1818 93 1863 lc
158 1818 184 1864 et
195 1809 294 1873 dicam,
315 1809 372 1864 Mea
382 1817 459 1879 sunt3
480 1808 767 1881 iniiciamquemanus.

123 1886 190 1938 llaec
198 1889 286 1937 tamen
295 1882 455 1953 adspiciam:
467 1883 514 1938 sed
522 1900 591 1955 quae
600 1883 668 1939 bene
676 1884 757 1957 pallia
764 1877 807 1939 cell

159 1956 204 2012 illa
213 1956 280 2012 mihi
289 1957 357 2012 caeci
366 1974 460 2013 caussa
470 1958 572 2014 timoris
582 1967 670 2014 erunt.

122 2035 176 2088 Nec
186 2031 278 2086 lemori
288 2032 422 2087 committe
431 2032 530 2098 lemur,
552 2051 600 2088 nec
609 2050 686 2089 crure
694 2036 803 2093 cohaere,

160 2124 208 2162 nec
217 2115 336 2162 tenerum
346 2108 483 2163 durocum
493 2106 559 2179 pede
568 2108 650 2182 iunge
658 2110 763 2181 pedem.

68 2189 94 2235 55
121 2181 204 2238 Multa
213 2183 294 2238 miser
304 2183 398 2249 timeo,
418 2182 482 2255 quia
491 2181 540 2237 leci
550 2182 635 2239 multa
642 2193 776 2256 proterve;

159 2257 327 2331 exemplique
336 2266 409 2314 metu
417 2264 541 2329 torqueor
549 2258 607 2330 ipse
617 2259 680 2314 mei.

122 2329 204 2403 Saepe
214 2333 281 2387 mihi
290 2333 466 2404 dominaeque
476 2350 549 2387 meae
557 2341 695 2405 properata
704 2334 807 2406 volupe

160 2415 231 2460 veste
240 2406 292 2461 sub
301 2407 395 2462 iniecta
404 2406 481 2462 dulce
490 2409 591 2481 peregit
601 2426 679 2480 opus.

122 2482 176 2536 Hoc
186 2488 214 2534 tu
227 2498 278 2535 non
290 2478 382 2535 facies:
404 2479 449 2534 sed
460 2499 493 2535 ne
502 2479 595 2537 fecisse
602 2485 714 2554 puteris,

70 2566 94 2606 5ο
138 2575 139 2579 ’
160 2555 265 2610 conscia
274 2554 307 2609 de
317 2563 389 2630 tergo
398 2554 478 2628 pallia
489 2556 564 2612 deme
574 2567 628 2614 tuo.

124 2630 805 2707 Virbibatusqueroga:(precibustamenosculadesi
