<?xml version="1.0" encoding="UTF-8"?>
<!DOCTYPE html PUBLIC "-//W3C//DTD XHTML 1.0 Transitional//EN"
    "http://www.w3.org/TR/xhtml1/DTD/xhtml1-transitional.dtd">
<html xmlns="http://www.w3.org/1999/xhtml" xml:lang="en" lang="en">
 <head>
  <title>
</title>
<meta http-equiv="Content-Type" content="text/html;charset=utf-8" />
  <meta name='ocr-system' content='tesseract 3.04.00' />
  <meta name='ocr-capabilities' content='ocr_page ocr_carea ocr_par ocr_line ocrx_word'/>
</head>
<body>
  <div class='ocr_page' id='page_1' title='image "./povidiinasoniso00ovidgoog_0307.png"; bbox 0 0 1770 2992; ppageno 0'>
   <div class='ocr_carea' id='block_1_1' title="bbox 119 158 668 213">
    <p class='ocr_par' dir='ltr' id='par_1_1' title="bbox 119 158 668 213">
     <span class='ocr_line' id='line_1_1' title="bbox 119 158 668 213; baseline -0.007 -1"><span class='ocrx_word' id='word_1_1' title='bbox 119 158 169 213; x_wconf 77' lang='grc'>291</span> <span class='ocrx_word' id='word_1_2' title='bbox 306 165 334 209; x_wconf 84' lang='lat' dir='ltr'>P.</span> <span class='ocrx_word' id='word_1_3' title='bbox 355 163 482 210; x_wconf 80' lang='lat' dir='ltr'>ovum</span> <span class='ocrx_word' id='word_1_4' title='bbox 499 162 668 210; x_wconf 75' lang='lat' dir='ltr'>NASONIS</span> 
     </span>
    </p>
   </div>
   <div class='ocr_carea' id='block_1_2' title="bbox 68 261 825 2717">
    <p class='ocr_par' dir='ltr' id='par_1_2' title="bbox 68 261 825 2717">
     <span class='ocr_line' id='line_1_2' title="bbox 119 261 756 336; baseline 0.003 -18"><span class='ocrx_word' id='word_1_5' title='bbox 119 265 243 319; x_wconf 80' lang='lat' dir='ltr'><strong>Haeserat</strong></span> <span class='ocrx_word' id='word_1_6' title='bbox 251 262 280 319; x_wconf 92' lang='lat' dir='ltr'>in</span> <span class='ocrx_word' id='word_1_7' title='bbox 289 262 405 336; x_wconf 88' lang='lat' dir='ltr'>quadam</span> <span class='ocrx_word' id='word_1_8' title='bbox 414 281 501 335; x_wconf 84' lang='lat' dir='ltr'>nuper</span> <span class='ocrx_word' id='word_1_9' title='bbox 509 279 568 318; x_wconf 84' lang='lat' dir='ltr'>maa</span> <span class='ocrx_word' id='word_1_10' title='bbox 577 279 643 318; x_wconf 79' lang='lat' dir='ltr'>aura</span> <span class='ocrx_word' id='word_1_11' title='bbox 653 261 756 334; x_wconf 83' lang='lat' dir='ltr'>puella:</span> 
     </span>
     <span class='ocr_line' id='line_1_3' title="bbox 157 335 683 394; baseline -0.002 -1"><span class='ocrx_word' id='word_1_12' title='bbox 157 338 317 394; x_wconf 73' lang='lat' dir='ltr'>conveniens</span> <span class='ocrx_word' id='word_1_13' title='bbox 326 339 415 393; x_wconf 88' lang='lat' dir='ltr'>animo</span> <span class='ocrx_word' id='word_1_14' title='bbox 424 355 479 394; x_wconf 86' lang='lat' dir='ltr'>non</span> <span class='ocrx_word' id='word_1_15' title='bbox 486 344 541 392; x_wconf 79' lang='lat' dir='ltr'>arat</span> <span class='ocrx_word' id='word_1_16' title='bbox 550 335 597 392; x_wconf 87' lang='lat' dir='ltr'>illa</span> <span class='ocrx_word' id='word_1_17' title='bbox 611 354 683 392; x_wconf 78' lang='lat' dir='ltr'><strong>meo.</strong></span> 
     </span>
     <span class='ocr_line' id='line_1_4' title="bbox 121 410 721 486; baseline 0.002 -18"><span class='ocrx_word' id='word_1_18' title='bbox 121 412 239 469; x_wconf 86' lang='lat' dir='ltr'>Curabar</span> <span class='ocrx_word' id='word_1_19' title='bbox 248 412 362 486; x_wconf 78' lang='lat' dir='ltr'>propriis</span> <span class='ocrx_word' id='word_1_20' title='bbox 370 429 446 486; x_wconf 72' lang='lat' dir='ltr'>aeger</span> <span class='ocrx_word' id='word_1_21' title='bbox 454 410 603 467; x_wconf 77' lang='lat' dir='ltr'><strong>Podalirius</strong></span> <span class='ocrx_word' id='word_1_22' title='bbox 613 410 721 470; x_wconf 79' lang='lat' dir='ltr'>herbis:</span> 
     </span>
     <span class='ocr_line' id='line_1_5' title="bbox 158 485 747 560; baseline -0.01 -15"><span class='ocrx_word' id='word_1_23' title='bbox 158 496 192 552; x_wconf 80' lang='lat' dir='ltr'>at,</span> <span class='ocrx_word' id='word_1_24' title='bbox 216 485 306 553; x_wconf 75' lang='lat' dir='ltr'>fateor,</span> <span class='ocrx_word' id='word_1_25' title='bbox 326 486 445 542; x_wconf 82' lang='lat' dir='ltr'>medicus</span> <span class='ocrx_word' id='word_1_26' title='bbox 457 487 568 558; x_wconf 74' lang='lat' dir='ltr'>turpiter</span> <span class='ocrx_word' id='word_1_27' title='bbox 576 503 655 560; x_wconf 82' lang='lat' dir='ltr'>regar</span> <span class='ocrx_word' id='word_1_28' title='bbox 664 502 747 541; x_wconf 84' lang='lat' dir='ltr'>eram.</span> 
     </span>
     <span class='ocr_line' id='line_1_6' title="bbox 68 560 668 618; baseline 0 -4"><span class='ocrx_word' id='word_1_29' title='bbox 68 573 106 615; x_wconf 77' lang='lat'>³15</span> <span class='ocrx_word' id='word_1_30' title='bbox 122 561 222 618; x_wconf 80' lang='lat' dir='ltr'>Profuit</span> <span class='ocrx_word' id='word_1_31' title='bbox 230 561 336 617; x_wconf 82' lang='lat' dir='ltr'>assidue</span> <span class='ocrx_word' id='word_1_32' title='bbox 346 561 419 617; x_wconf 79' lang='lat' dir='ltr'>vitiis</span> <span class='ocrx_word' id='word_1_33' title='bbox 427 562 549 616; x_wconf 82' lang='lat' dir='ltr'>insistara</span> <span class='ocrx_word' id='word_1_34' title='bbox 558 560 668 616; x_wconf 74' lang='lat' dir='ltr'>amicae.</span> 
     </span>
     <span class='ocr_line' id='line_1_7' title="bbox 160 634 703 709; baseline -0.002 -18"><span class='ocrx_word' id='word_1_35' title='bbox 160 637 241 709; x_wconf 87' lang='lat' dir='ltr'>idque</span> <span class='ocrx_word' id='word_1_36' title='bbox 252 636 318 690; x_wconf 90' lang='lat' dir='ltr'>mihi</span> <span class='ocrx_word' id='word_1_37' title='bbox 329 635 426 690; x_wconf 83' lang='lat' dir='ltr'>iactum</span> <span class='ocrx_word' id='word_1_38' title='bbox 438 651 516 708; x_wconf 83' lang='lat' dir='ltr'>saapa</span> <span class='ocrx_word' id='word_1_39' title='bbox 524 634 632 690; x_wconf 77' lang='lat' dir='ltr'>salubre</span> <span class='ocrx_word' id='word_1_40' title='bbox 641 634 703 690; x_wconf 79' lang='lat' dir='ltr'>fuit.</span> 
     </span>
     <span class='ocr_line' id='line_1_8' title="bbox 122 705 825 780; baseline -0.009 -14"><span class='ocrx_word' id='word_1_41' title='bbox 122 711 207 777; x_wconf 89' lang='lat' dir='ltr'>Quam</span> <span class='ocrx_word' id='word_1_42' title='bbox 222 710 300 775; x_wconf 85' lang='lat' dir='ltr'>mala,</span> <span class='ocrx_word' id='word_1_43' title='bbox 320 708 449 776; x_wconf 82' lang='lat' dir='ltr'>dicebam,</span> <span class='ocrx_word' id='word_1_44' title='bbox 469 717 572 766; x_wconf 81' lang='lat' dir='ltr'>nostrae</span> <span class='ocrx_word' id='word_1_45' title='bbox 580 716 733 765; x_wconf 82' lang='lat' dir='ltr'>aunt-crura</span> <span class='ocrx_word' id='word_1_46' title='bbox 741 705 825 780; x_wconf 70' lang='lat' dir='ltr'>puella</span> 
     </span>
     <span class='ocr_line' id='line_1_9' title="bbox 161 784 769 850; baseline -0.005 -10"><span class='ocrx_word' id='word_1_47' title='bbox 161 802 208 840; x_wconf 84' lang='lat' dir='ltr'>nac</span> <span class='ocrx_word' id='word_1_48' title='bbox 217 793 318 848; x_wconf 84' lang='lat' dir='ltr'>tamara,</span> <span class='ocrx_word' id='word_1_49' title='bbox 339 792 470 840; x_wconf 76' lang='lat' dir='ltr'>utrarum</span> <span class='ocrx_word' id='word_1_50' title='bbox 479 784 666 850; x_wconf 70' lang='lat' dir='ltr'>eonfitemur,</span> <span class='ocrx_word' id='word_1_51' title='bbox 691 791 769 839; x_wconf 76' lang='lat' dir='ltr'>arani.</span> 
     </span>
     <span class='ocr_line' id='line_1_10' title="bbox 120 854 808 932; baseline -0.01 -18"><span class='ocrx_word' id='word_1_52' title='bbox 120 858 231 914; x_wconf 80' lang='lat' dir='ltr'>Brachia</span> <span class='ocrx_word' id='word_1_53' title='bbox 241 875 322 931; x_wconf 87' lang='lat' dir='ltr'>quam</span> <span class='ocrx_word' id='word_1_54' title='bbox 332 876 385 914; x_wconf 87' lang='lat' dir='ltr'>non</span> <span class='ocrx_word' id='word_1_55' title='bbox 394 867 459 914; x_wconf 83' lang='lat' dir='ltr'>aunt</span> <span class='ocrx_word' id='word_1_56' title='bbox 468 866 571 914; x_wconf 77' lang='lat' dir='ltr'>nostrae</span> <span class='ocrx_word' id='word_1_57' title='bbox 578 856 696 914; x_wconf 75' lang='lat' dir='ltr'>formosa</span> <span class='ocrx_word' id='word_1_58' title='bbox 705 854 808 932; x_wconf 73' lang='lat' dir='ltr'>puellari</span> 
     </span>
     <span class='ocr_line' id='line_1_11' title="bbox 70 933 746 1000; baseline 0 -12"><span class='ocrx_word' id='word_1_59' title='bbox 70 946 109 989; x_wconf 75' lang='lat'>32⁰</span> <span class='ocrx_word' id='word_1_60' title='bbox 159 940 185 988; x_wconf 86' lang='lat' dir='ltr'>et</span> <span class='ocrx_word' id='word_1_61' title='bbox 194 940 297 998; x_wconf 75' lang='lat' dir='ltr'>tamen,</span> <span class='ocrx_word' id='word_1_62' title='bbox 318 940 451 990; x_wconf 72' lang='lat' dir='ltr'>utrarum</span> <span class='ocrx_word' id='word_1_63' title='bbox 460 933 642 1000; x_wconf 79' lang='lat' dir='ltr'>confiteamur,</span> <span class='ocrx_word' id='word_1_64' title='bbox 662 941 746 989; x_wconf 81' lang='lat' dir='ltr'>arant.</span> 
     </span>
     <span class='ocr_line' id='line_1_12' title="bbox 124 999 825 1081; baseline 0 -19"><span class='ocrx_word' id='word_1_65' title='bbox 124 1006 210 1074; x_wconf 88' lang='lat' dir='ltr'>Quam</span> <span class='ocrx_word' id='word_1_66' title='bbox 224 1007 312 1063; x_wconf 81' lang='lat' dir='ltr'>brevis</span> <span class='ocrx_word' id='word_1_67' title='bbox 321 1008 375 1064; x_wconf 74' lang='lat' dir='ltr'>aatl</span> <span class='ocrx_word' id='word_1_68' title='bbox 396 1024 444 1063; x_wconf 82' lang='lat' dir='ltr'>aaa</span> <span class='ocrx_word' id='word_1_69' title='bbox 456 1015 525 1066; x_wconf 83' lang='lat' dir='ltr'>arat:</span> <span class='ocrx_word' id='word_1_70' title='bbox 551 1025 635 1081; x_wconf 86' lang='lat' dir='ltr'>quam</span> <span class='ocrx_word' id='word_1_71' title='bbox 649 1007 762 1063; x_wconf 86' lang='lat' dir='ltr'><strong>multum</strong></span> <span class='ocrx_word' id='word_1_72' title='bbox 772 999 825 1078; x_wconf 71' lang='lat' dir='ltr'><strong>pow&#39;</strong></span> 
     </span>
     <span class='ocr_line' id='line_1_13' title="bbox 595 1083 743 1138; baseline -0.007 -1"><span class='ocrx_word' id='word_1_73' title='bbox 595 1083 743 1138; x_wconf 77' lang='lat' dir='ltr'>amantem!</span> 
     </span>
     <span class='ocr_line' id='line_1_14' title="bbox 161 1155 684 1213; baseline 0.002 -3"><span class='ocrx_word' id='word_1_74' title='bbox 161 1156 229 1211; x_wconf 88' lang='lat' dir='ltr'>Hinc</span> <span class='ocrx_word' id='word_1_75' title='bbox 236 1156 296 1212; x_wconf 89' lang='lat' dir='ltr'>odio</span> <span class='ocrx_word' id='word_1_76' title='bbox 306 1156 378 1211; x_wconf 82' lang='lat' dir='ltr'>venit</span> <span class='ocrx_word' id='word_1_77' title='bbox 386 1155 502 1213; x_wconf 88' lang='lat' dir='ltr'>maxima</span> <span class='ocrx_word' id='word_1_78' title='bbox 511 1173 604 1212; x_wconf 77' lang='lat' dir='ltr'>caussa</span> <span class='ocrx_word' id='word_1_79' title='bbox 615 1174 684 1213; x_wconf 84' lang='lat' dir='ltr'>mao.</span> 
     </span>
     <span class='ocr_line' id='line_1_15' title="bbox 124 1230 745 1287; baseline -0.002 -1"><span class='ocrx_word' id='word_1_80' title='bbox 124 1231 235 1286; x_wconf 74' lang='lat' dir='ltr'>Ermaia</span> <span class='ocrx_word' id='word_1_81' title='bbox 244 1237 308 1285; x_wconf 78' lang='lat' dir='ltr'>aunt</span> <span class='ocrx_word' id='word_1_82' title='bbox 316 1230 403 1286; x_wconf 82' lang='lat' dir='ltr'>vicina</span> <span class='ocrx_word' id='word_1_83' title='bbox 412 1230 499 1287; x_wconf 85' lang='lat' dir='ltr'>bonis.</span> <span class='ocrx_word' id='word_1_84' title='bbox 529 1232 625 1287; x_wconf 78' lang='lat' dir='ltr'>Errare</span> <span class='ocrx_word' id='word_1_85' title='bbox 637 1232 690 1287; x_wconf 81' lang='lat' dir='ltr'>sub</span> <span class='ocrx_word' id='word_1_86' title='bbox 701 1230 745 1286; x_wconf 86' lang='lat' dir='ltr'>ilio</span> 
     </span>
     <span class='ocr_line' id='line_1_16' title="bbox 160 1305 668 1377; baseline 0.004 -18"><span class='ocrx_word' id='word_1_87' title='bbox 160 1323 209 1377; x_wconf 89' lang='lat' dir='ltr'>pro</span> <span class='ocrx_word' id='word_1_88' title='bbox 218 1306 283 1362; x_wconf 83' lang='lat' dir='ltr'>vitio</span> <span class='ocrx_word' id='word_1_89' title='bbox 292 1305 377 1360; x_wconf 79' lang='lat' dir='ltr'>virtus</span> <span class='ocrx_word' id='word_1_90' title='bbox 389 1305 500 1361; x_wconf 82' lang='lat' dir='ltr'>erimina</span> <span class='ocrx_word' id='word_1_91' title='bbox 510 1323 588 1377; x_wconf 82' lang='lat' dir='ltr'>aaapa</span> <span class='ocrx_word' id='word_1_92' title='bbox 597 1306 668 1362; x_wconf 83' lang='lat' dir='ltr'>tulit.</span> 
     </span>
     <span class='ocr_line' id='line_1_17' title="bbox 72 1379 761 1453; baseline 0 -20"><span class='ocrx_word' id='word_1_93' title='bbox 72 1392 110 1434; x_wconf 77' lang='lat'>325</span> <span class='ocrx_word' id='word_1_94' title='bbox 124 1379 210 1446; x_wconf 82' lang='lat' dir='ltr'>Quam</span> <span class='ocrx_word' id='word_1_95' title='bbox 220 1388 302 1451; x_wconf 78' lang='lat' dir='ltr'>potas,</span> <span class='ocrx_word' id='word_1_96' title='bbox 324 1380 354 1435; x_wconf 91' lang='lat' dir='ltr'>in</span> <span class='ocrx_word' id='word_1_97' title='bbox 364 1380 441 1452; x_wconf 83' lang='lat' dir='ltr'>peius</span> <span class='ocrx_word' id='word_1_98' title='bbox 450 1379 523 1436; x_wconf 80' lang='lat' dir='ltr'><strong>dotes</strong></span> <span class='ocrx_word' id='word_1_99' title='bbox 532 1379 638 1436; x_wconf 79' lang='lat' dir='ltr'>deflecta</span> <span class='ocrx_word' id='word_1_100' title='bbox 647 1380 761 1453; x_wconf 74' lang='lat' dir='ltr'>puellae:</span> 
     </span>
     <span class='ocr_line' id='line_1_18' title="bbox 163 1454 691 1531; baseline 0.004 -23"><span class='ocrx_word' id='word_1_101' title='bbox 163 1454 429 1531; x_wconf 62' lang='lat' dir='ltr'>iudiciumquqbrevi</span> <span class='ocrx_word' id='word_1_102' title='bbox 439 1454 522 1510; x_wconf 84' lang='lat' dir='ltr'>limite</span> <span class='ocrx_word' id='word_1_103' title='bbox 531 1454 592 1510; x_wconf 81' lang='lat' dir='ltr'>falla</span> <span class='ocrx_word' id='word_1_104' title='bbox 601 1463 691 1510; x_wconf 84' lang='lat' dir='ltr'><strong>tuum.</strong></span> 
     </span>
     <span class='ocr_line' id='line_1_19' title="bbox 126 1528 823 1620; baseline 0 -38"><span class='ocrx_word' id='word_1_105' title='bbox 126 1528 256 1603; x_wconf 78' lang='lat' dir='ltr'>Turgida,</span> <span class='ocrx_word' id='word_1_106' title='bbox 276 1528 453 1620; x_wconf 57' lang='lat' dir='ltr'>sipienaaatj</span> <span class='ocrx_word' id='word_1_107' title='bbox 468 1528 578 1585; x_wconf 73' lang='lat' dir='ltr'>sifusoa</span> <span class='ocrx_word' id='word_1_108' title='bbox 586 1537 639 1596; x_wconf 81' lang='lat' dir='ltr'>ast,</span> <span class='ocrx_word' id='word_1_109' title='bbox 660 1530 737 1603; x_wconf 81' lang='lat' dir='ltr'>nigra</span> <span class='ocrx_word' id='word_1_110' title='bbox 745 1528 823 1582; x_wconf 52' lang='grc' dir='ltr'>ΜΗ</span> 
     </span>
     <span class='ocr_line' id='line_1_20' title="bbox 162 1602 717 1677; baseline 0 -18"><span class='ocrx_word' id='word_1_111' title='bbox 162 1602 293 1677; x_wconf 81' lang='lat' dir='ltr'>Ingracili</span> <span class='ocrx_word' id='word_1_112' title='bbox 303 1605 400 1659; x_wconf 83' lang='lat' dir='ltr'>macies</span> <span class='ocrx_word' id='word_1_113' title='bbox 408 1617 509 1659; x_wconf 80' lang='lat' dir='ltr'>emman</span> <span class='ocrx_word' id='word_1_114' title='bbox 518 1603 614 1659; x_wconf 81' lang='lat' dir='ltr'>hahere</span> <span class='ocrx_word' id='word_1_115' title='bbox 621 1612 717 1676; x_wconf 81' lang='lat' dir='ltr'><strong>potest.</strong></span> 
     </span>
     <span class='ocr_line' id='line_1_21' title="bbox 125 1677 781 1751; baseline -0.005 -18"><span class='ocrx_word' id='word_1_116' title='bbox 125 1679 158 1733; x_wconf 85' lang='lat' dir='ltr'>Et</span> <span class='ocrx_word' id='word_1_117' title='bbox 166 1679 260 1750; x_wconf 75' lang='lat' dir='ltr'>poterit</span> <span class='ocrx_word' id='word_1_118' title='bbox 269 1678 321 1734; x_wconf 88' lang='lat' dir='ltr'>dici</span> <span class='ocrx_word' id='word_1_119' title='bbox 330 1677 466 1751; x_wconf 79' lang='lat' dir='ltr'>petulans,</span> <span class='ocrx_word' id='word_1_120' title='bbox 486 1695 554 1751; x_wconf 87' lang='lat' dir='ltr'>quae</span> <span class='ocrx_word' id='word_1_121' title='bbox 564 1679 663 1734; x_wconf 85' lang='lat' dir='ltr'>rustica</span> <span class='ocrx_word' id='word_1_122' title='bbox 673 1697 727 1735; x_wconf 88' lang='lat' dir='ltr'>non</span> <span class='ocrx_word' id='word_1_123' title='bbox 737 1683 781 1733; x_wconf 80' lang='lat' dir='ltr'>eat:</span> 
     </span>
     <span class='ocr_line' id='line_1_22' title="bbox 73 1753 733 1825; baseline 0.003 -20"><span class='ocrx_word' id='word_1_124' title='bbox 73 1763 110 1806; x_wconf 77' lang='lat'>³30</span> <span class='ocrx_word' id='word_1_125' title='bbox 162 1760 188 1806; x_wconf 86' lang='lat' dir='ltr'>at</span> <span class='ocrx_word' id='word_1_126' title='bbox 196 1753 291 1823; x_wconf 81' lang='lat' dir='ltr'>poterit</span> <span class='ocrx_word' id='word_1_127' title='bbox 299 1753 352 1808; x_wconf 84' lang='lat' dir='ltr'>dici</span> <span class='ocrx_word' id='word_1_128' title='bbox 364 1754 476 1819; x_wconf 78' lang='lat' dir='ltr'>rustica,</span> <span class='ocrx_word' id='word_1_129' title='bbox 496 1753 519 1808; x_wconf 80' lang='lat' dir='ltr'>ai</span> <span class='ocrx_word' id='word_1_130' title='bbox 529 1770 582 1825; x_wconf 88' lang='lat' dir='ltr'>qua</span> <span class='ocrx_word' id='word_1_131' title='bbox 591 1753 674 1824; x_wconf 85' lang='lat' dir='ltr'>proba</span> <span class='ocrx_word' id='word_1_132' title='bbox 684 1762 733 1808; x_wconf 78' lang='lat' dir='ltr'>ast.</span> 
     </span>
     <span class='ocr_line' id='line_1_23' title="bbox 126 1825 777 1900; baseline 0 -20"><span class='ocrx_word' id='word_1_133' title='bbox 126 1825 295 1892; x_wconf 78' lang='lat' dir='ltr'>Quinetiam,</span> <span class='ocrx_word' id='word_1_134' title='bbox 315 1844 475 1900; x_wconf 86' lang='lat' dir='ltr'>quacunque</span> <span class='ocrx_word' id='word_1_135' title='bbox 484 1835 553 1883; x_wconf 84' lang='lat' dir='ltr'>caret</span> <span class='ocrx_word' id='word_1_136' title='bbox 560 1834 604 1882; x_wconf 87' lang='lat' dir='ltr'>tua</span> <span class='ocrx_word' id='word_1_137' title='bbox 615 1827 675 1882; x_wconf 82' lang='lat' dir='ltr'>dota</span> <span class='ocrx_word' id='word_1_138' title='bbox 684 1825 777 1900; x_wconf 81' lang='lat' dir='ltr'>puelia,</span> 
     </span>
     <span class='ocr_line' id='line_1_24' title="bbox 162 1899 777 1974; baseline -0.003 -20"><span class='ocrx_word' id='word_1_139' title='bbox 162 1899 353 1966; x_wconf 78' lang='lat' dir='ltr'>hancmovaat,</span> <span class='ocrx_word' id='word_1_140' title='bbox 372 1901 478 1957; x_wconf 78' lang='lat' dir='ltr'>blandis</span> <span class='ocrx_word' id='word_1_141' title='bbox 487 1918 690 1974; x_wconf 82' lang='lat' dir='ltr'>usquapracara</span> <span class='ocrx_word' id='word_1_142' title='bbox 699 1901 777 1957; x_wconf 80' lang='lat' dir='ltr'>sonia.</span> 
     </span>
     <span class='ocr_line' id='line_1_25' title="bbox 126 1973 790 2048; baseline -0.005 -19"><span class='ocrx_word' id='word_1_143' title='bbox 126 1975 210 2048; x_wconf 80' lang='lat' dir='ltr'>Exige</span> <span class='ocrx_word' id='word_1_144' title='bbox 219 1974 291 2047; x_wconf 90' lang='lat' dir='ltr'><strong>quod</strong></span> <span class='ocrx_word' id='word_1_145' title='bbox 298 1983 392 2040; x_wconf 82' lang='lat' dir='ltr'>cantet,</span> <span class='ocrx_word' id='word_1_146' title='bbox 412 1975 436 2030; x_wconf 85' lang='lat' dir='ltr'>ai</span> <span class='ocrx_word' id='word_1_147' title='bbox 445 1993 500 2048; x_wconf 85' lang='lat' dir='ltr'>qua</span> <span class='ocrx_word' id='word_1_148' title='bbox 508 1984 548 2032; x_wconf 84' lang='lat' dir='ltr'>ast</span> <span class='ocrx_word' id='word_1_149' title='bbox 556 1975 615 2031; x_wconf 82' lang='lat' dir='ltr'>aine</span> <span class='ocrx_word' id='word_1_150' title='bbox 623 1993 689 2032; x_wconf 82' lang='lat' dir='ltr'>voce</span> <span class='ocrx_word' id='word_1_151' title='bbox 696 1973 790 2048; x_wconf 86' lang='lat' dir='ltr'>puella:</span> 
     </span>
     <span class='ocr_line' id='line_1_26' title="bbox 163 2049 748 2122; baseline 0 -17"><span class='ocrx_word' id='word_1_152' title='bbox 163 2049 204 2105; x_wconf 83' lang='lat' dir='ltr'>fac</span> <span class='ocrx_word' id='word_1_153' title='bbox 213 2049 297 2114; x_wconf 79' lang='lat' dir='ltr'>saltat,</span> <span class='ocrx_word' id='word_1_154' title='bbox 319 2050 401 2105; x_wconf 85' lang='lat' dir='ltr'>nescit</span> <span class='ocrx_word' id='word_1_155' title='bbox 413 2050 499 2122; x_wconf 88' lang='lat' dir='ltr'>siqua</span> <span class='ocrx_word' id='word_1_156' title='bbox 509 2067 614 2107; x_wconf 81' lang='lat' dir='ltr'>movere</span> <span class='ocrx_word' id='word_1_157' title='bbox 625 2067 748 2106; x_wconf 85' lang='lat' dir='ltr'>manum.</span> 
     </span>
     <span class='ocr_line' id='line_1_27' title="bbox 74 2122 820 2197; baseline -0.007 -18"><span class='ocrx_word' id='word_1_158' title='bbox 74 2137 112 2181; x_wconf 78' lang='lat'>335</span> <span class='ocrx_word' id='word_1_159' title='bbox 127 2126 240 2182; x_wconf 84' lang='lat' dir='ltr'>Barbara</span> <span class='ocrx_word' id='word_1_160' title='bbox 252 2142 373 2181; x_wconf 80' lang='lat' dir='ltr'>sermone</span> <span class='ocrx_word' id='word_1_161' title='bbox 384 2122 441 2180; x_wconf 72' lang='lat' dir='ltr'>aar?</span> <span class='ocrx_word' id='word_1_162' title='bbox 459 2125 511 2180; x_wconf 81' lang='lat' dir='ltr'>Fac</span> <span class='ocrx_word' id='word_1_163' title='bbox 519 2133 606 2180; x_wconf 77' lang='lat' dir='ltr'>tecum</span> <span class='ocrx_word' id='word_1_164' title='bbox 616 2125 702 2181; x_wconf 77' lang='lat' dir='ltr'>mulia</span> <span class='ocrx_word' id='word_1_165' title='bbox 711 2125 820 2197; x_wconf 77' lang='lat' dir='ltr'>loquatur</span> 
     </span>
     <span class='ocr_line' id='line_1_28' title="bbox 163 2197 776 2274; baseline -0.01 -16"><span class='ocrx_word' id='word_1_166' title='bbox 163 2199 442 2258; x_wconf 77' lang='lat' dir='ltr'>Nondidicirchordas</span> <span class='ocrx_word' id='word_1_167' title='bbox 451 2208 496 2255; x_wconf 87' lang='lat' dir='ltr'>tan</span> <span class='ocrx_word' id='word_1_168' title='bbox 515 2197 575 2254; x_wconf 77' lang='lat' dir='ltr'>arai</span> <span class='ocrx_word' id='word_1_169' title='bbox 592 2200 673 2255; x_wconf 78' lang='lat' dir='ltr'><strong>Posce</strong></span> <span class='ocrx_word' id='word_1_170' title='bbox 682 2200 776 2274; x_wconf 83' lang='lat' dir='ltr'>lyram.</span> 
     </span>
     <span class='ocr_line' id='line_1_29' title="bbox 127 2217 788 2347; baseline -0.003 -17"><span class='ocrx_word' id='word_1_171' title='bbox 127 2275 226 2331; x_wconf 80' lang='lat' dir='ltr'>Durius</span> <span class='ocrx_word' id='word_1_172' title='bbox 236 2274 351 2332; x_wconf 73' lang='lat' dir='ltr'>incedit?</span> <span class='ocrx_word' id='word_1_173' title='bbox 369 2274 409 2330; x_wconf 83' lang='lat' dir='ltr'>fac</span> <span class='ocrx_word' id='word_1_174' title='bbox 419 2217 544 2330; x_wconf 62' lang='lat' dir='ltr'>ambuiet.</span> <span class='ocrx_word' id='word_1_175' title='bbox 584 2272 670 2330; x_wconf 87' lang='lat' dir='ltr'>Omna</span> <span class='ocrx_word' id='word_1_176' title='bbox 679 2273 788 2347; x_wconf 74' lang='lat' dir='ltr'>papillae</span> 
     </span>
     <span class='ocr_line' id='line_1_30' title="bbox 164 2347 787 2423; baseline -0.006 -19"><span class='ocrx_word' id='word_1_177' title='bbox 164 2357 256 2421; x_wconf 82' lang='lat' dir='ltr'><strong>pectus</strong></span> <span class='ocrx_word' id='word_1_178' title='bbox 265 2350 363 2406; x_wconf 76' lang='lat' dir='ltr'>habent</span> <span class='ocrx_word' id='word_1_179' title='bbox 374 2348 507 2405; x_wconf 79' lang='lat' dir='ltr'>tumidae?</span> <span class='ocrx_word' id='word_1_180' title='bbox 527 2349 619 2403; x_wconf 79' lang='lat' dir='ltr'>Fascia</span> <span class='ocrx_word' id='word_1_181' title='bbox 629 2347 703 2404; x_wconf 89' lang='lat' dir='ltr'>nulla</span> <span class='ocrx_word' id='word_1_182' title='bbox 713 2354 787 2423; x_wconf 72' lang='lat' dir='ltr'>tegat,</span> 
     </span>
     <span class='ocr_line' id='line_1_31' title="bbox 128 2420 764 2496; baseline 0.003 -20"><span class='ocrx_word' id='word_1_183' title='bbox 128 2420 155 2476; x_wconf 91' lang='lat' dir='ltr'>Si</span> <span class='ocrx_word' id='word_1_184' title='bbox 166 2422 234 2478; x_wconf 87' lang='lat' dir='ltr'>male</span> <span class='ocrx_word' id='word_1_185' title='bbox 244 2421 347 2478; x_wconf 82' lang='lat' dir='ltr'>dentata</span> <span class='ocrx_word' id='word_1_186' title='bbox 356 2431 405 2489; x_wconf 83' lang='lat' dir='ltr'>ast,</span> <span class='ocrx_word' id='word_1_187' title='bbox 424 2441 511 2489; x_wconf 85' lang='lat' dir='ltr'>narra,</span> <span class='ocrx_word' id='word_1_188' title='bbox 529 2422 602 2496; x_wconf 89' lang='lat' dir='ltr'>quod</span> <span class='ocrx_word' id='word_1_189' title='bbox 611 2422 695 2479; x_wconf 79' lang='lat' dir='ltr'>rideat</span> <span class='ocrx_word' id='word_1_190' title='bbox 703 2423 764 2478; x_wconf 86' lang='lat' dir='ltr'>illa:</span> 
     </span>
     <span class='ocr_line' id='line_1_32' title="bbox 76 2496 768 2570; baseline 0.003 -22"><span class='ocrx_word' id='word_1_191' title='bbox 76 2502 113 2548; x_wconf 70' lang='lat'>340</span> <span class='ocrx_word' id='word_1_192' title='bbox 165 2496 289 2552; x_wconf 79' lang='lat' dir='ltr'>Mollibus</span> <span class='ocrx_word' id='word_1_193' title='bbox 299 2496 450 2552; x_wconf 81' lang='lat' dir='ltr'>astoeulis?</span> <span class='ocrx_word' id='word_1_194' title='bbox 467 2497 539 2570; x_wconf 91' lang='lat' dir='ltr'>quod</span> <span class='ocrx_word' id='word_1_195' title='bbox 549 2496 608 2551; x_wconf 84' lang='lat' dir='ltr'>fleat</span> <span class='ocrx_word' id='word_1_196' title='bbox 616 2496 672 2563; x_wconf 86' lang='lat' dir='ltr'>ilia,</span> <span class='ocrx_word' id='word_1_197' title='bbox 693 2496 768 2552; x_wconf 84' lang='lat' dir='ltr'>refer.</span> 
     </span>
     <span class='ocr_line' id='line_1_33' title="bbox 129 2569 775 2643; baseline 0.006 -21"><span class='ocrx_word' id='word_1_198' title='bbox 129 2569 245 2625; x_wconf 81' lang='lat' dir='ltr'>Proderit</span> <span class='ocrx_word' id='word_1_199' title='bbox 254 2576 279 2624; x_wconf 85' lang='lat' dir='ltr'>et</span> <span class='ocrx_word' id='word_1_200' title='bbox 288 2569 385 2634; x_wconf 80' lang='lat' dir='ltr'>subito,</span> <span class='ocrx_word' id='word_1_201' title='bbox 405 2588 492 2643; x_wconf 88' lang='lat' dir='ltr'><strong>quum</strong></span> <span class='ocrx_word' id='word_1_202' title='bbox 502 2589 530 2625; x_wconf 86' lang='lat' dir='ltr'>se</span> <span class='ocrx_word' id='word_1_203' title='bbox 539 2589 591 2626; x_wconf 89' lang='lat' dir='ltr'>non</span> <span class='ocrx_word' id='word_1_204' title='bbox 602 2570 775 2635; x_wconf 84' lang='lat' dir='ltr'>finxerituiii‚</span> 
     </span>
     <span class='ocr_line' id='line_1_34' title="bbox 160 2643 763 2717; baseline -0.007 -17"><span class='ocrx_word' id='word_1_205' title='bbox 160 2643 197 2702; x_wconf 80' lang='lat' dir='ltr'>ad</span> <span class='ocrx_word' id='word_1_206' title='bbox 206 2643 344 2704; x_wconf 83' lang='lat' dir='ltr'>dominam</span> <span class='ocrx_word' id='word_1_207' title='bbox 355 2643 454 2703; x_wconf 82' lang='lat' dir='ltr'>ceieraa</span> <span class='ocrx_word' id='word_1_208' title='bbox 463 2645 647 2704; x_wconf 64' lang='lat' dir='ltr'>maniariiaaa</span> <span class='ocrx_word' id='word_1_209' title='bbox 654 2646 763 2717; x_wconf 62' lang='lat' dir='ltr'>graias.</span> 
     </span>
    </p>
   </div>
   <div class='ocr_carea' id='block_1_3' title="bbox 0 0 901 2992">
    <p class='ocr_par' dir='ltr' id='par_1_3' title="bbox 0 0 901 2992">
     <span class='ocr_line' id='line_1_35' title="bbox 0 0 901 2992; baseline 0 0"><span class='ocrx_word' id='word_1_210' title='bbox 0 0 901 2992; x_wconf 95' lang='lat' dir='ltr'> </span> 
     </span>
    </p>
   </div>
   <div class='ocr_carea' id='block_1_4' title="bbox 30 2864 173 2904">
    <p class='ocr_par' dir='ltr' id='par_1_4' title="bbox 30 2864 173 2904">
     <span class='ocr_line' id='line_1_36' title="bbox 30 2864 173 2904; baseline 0 0"><span class='ocrx_word' id='word_1_211' title='bbox 30 2864 173 2904; x_wconf 51' lang='lat' dir='ltr'>A</span> 
     </span>
    </p>
   </div>
  </div>
 </body>
</html>
