1770 2992
256 151 466 197 nesciens.
494 152 548 198 nn.
563 154 605 199 un
771 153 797 203 ll

96 240 133 313 lite
140 247 319 316 Menoetiades,
330 232 404 316 tune,
415 268 502 322 quum
513 251 642 319 tradebat,
654 254 682 308 in
694 272 793 322 aurem,

114 319 171 388 Qud
179 323 243 379 lles‘l
261 324 306 379 hic
315 342 397 396 parvo
406 333 530 396 tempore,
542 325 618 393 dixit,
630 328 690 381 eris.

85 391 250 472 Necrepetisse
258 416 356 470 parum
364 407 417 455 est:
428 417 583 473 pugnas,ne
593 400 809 468 redder,Achille.
829 418 854 461 25

107 472 118 526 l
125 491 201 540 nunc,
216 482 242 528 et
250 473 341 544 cupidi
352 474 568 529 nomennmantis
578 474 654 529 habe.

79 544 196 603 lenenmt
205 547 239 603 ed
250 554 275 602 te
283 547 424 603 Telamone
432 557 457 603 et
465 549 609 622 Amyntore
617 552 682 613 nati,

104 620 146 677 ille
153 623 239 696 gradu
250 623 358 693 propior
366 623 514 696 sanguinis,
525 622 570 678 ille
578 641 680 679 eomes:

12 718 17 767 r
70 696 207 769 Laertaque
218 705 307 761 setus3
329 713 376 766 per
384 713 453 768 quos
462 698 581 752 comitata
591 699 712 754 redirem.

99 775 238 827 Auxerunt
249 770 363 826 blandae
371 770 482 843 grandia
491 770 559 826 dona
570 790 672 844 preces:
828 789 853 832 3⁰

64 847 156 922 viginti
167 844 257 901 fulvos
266 861 377 916 operoso
385 862 419 900 ex
427 862 486 899 aere
495 844 600 912 lebetas,

95 932 120 976 et
130 919 248 993 tripodas
256 927 367 992 septem,
378 919 493 991 pondere
504 927 529 974 et
538 928 591 976 arte
603 939 688 993 pares.

58 995 154 1051 Addita
164 1001 230 1050 suut
241 993 296 1048 illis
309 994 367 1048 auri
376 993 418 1048 bis
430 994 550 1066 quinque
560 995 668 1051 talenta:

95 1070 206 1134 bissex,
220 1068 319 1123 assueti
328 1068 433 1123 vincere
441 1085 553 1140 semper,
564 1071 639 1142 equi:

56 1144 185 1217 quodque
194 1159 401 1215 supervacuum,
413 1142 495 1198 forma
504 1152 649 1216 praestante
658 1146 760 1218 puellae
827 1159 852 1203 35

93 1218 234 1283 Lesbides,
245 1234 335 1271 eversa
345 1234 451 1289 corpora
460 1227 535 1289 capta
545 1219 635 1274 domo:

55 1310 176 1365 eumque
197 1299 236 1348 tot
256 1291 314 1357 his,
334 1291 452 1364 (sednon
466 1310 534 1364 opus
548 1295 647 1349 esttibi
666 1296 798 1368 coniuge)

572 1385 670 1422 coniux

93 1459 130 1497 ex
138 1439 356 1514 Agamemnoniis
366 1458 420 1495 una
429 1439 517 1510 puella
525 1441 621 1494 tribus.

56 1518 85 1572 Si
95 1516 145 1571 tibi
155 1516 189 1570 ab
199 1513 290 1569 Atride
299 1515 382 1586 pretio
392 1514 543 1569 redimenda
553 1514 672 1580 fuissem,

95 1607 166 1663 quae
174 1588 239 1644 dare
248 1587 385 1655 debueras,
397 1590 513 1661 accipere
523 1589 568 1645 illa
578 1591 676 1664 negas?
825 1605 849 1649 io

57 1664 117 1734 Qua
126 1664 214 1720 merui
224 1661 302 1735 culpa
311 1663 367 1718 lieri
376 1665 424 1720 tibi
434 1664 506 1731 vilis,
517 1665 636 1721 Achille?

93 1739 154 1808 Quo
164 1739 232 1795 levis
241 1757 256 1793 a
267 1739 342 1794 nobis
353 1748 406 1796 mm
416 1742 467 1796 cito
476 1740 544 1814 fugit
552 1741 644 1796 amor?

57 1815 100 1871 An
111 1815 223 1870 miseros
231 1814 313 1869 tristis
323 1815 437 1869 Fortuna
446 1816 568 1871 tenaciter
578 1817 670 1890 urgot‘?

96 1907 146 1945 nec
155 1889 229 1944 venit
241 1888 352 1959 inceptis
361 1887 465 1945 mollior
474 1908 536 1945 aura
547 1891 631 1946 meis‘l

57 1966 149 2020 Diruta
160 1965 243 2019 Marte
252 1970 298 2018 tuo
306 1964 433 2037 Lyrnesia
447 1966 550 2020 moenia
559 1966 628 2022 vidi:
825 1977 849 2023 le

96 2038 232 2094 elfimram
241 2038 340 2109 patriae
348 2056 409 2110 pars
418 2057 467 2114 ego
479 2058 575 2114 magna
589 2059 670 2096 meae.

58 2113 120 2169 Vidi
128 2121 262 2168 consortes
270 2114 367 2184 pariter
375 2116 531 2187 generisque
541 2116 664 2189 necisque

95 2197 149 2243 tres
158 2188 296 2243 oecidisse:
318 2190 411 2254 tribus,
423 2191 577 2262 quaemihi,
589 2200 741 2246 matererat.

58 2263 130 2328 Vidi,
144 2272 261 2335 quantus
271 2273 334 2329 erat,
346 2263 437 2319 fusum
450 2264 542 2319 tellure
551 2275 667 2331 cruenta,

95 2346 202 2411 pectora
210 2339 348 2394 iactantem
357 2338 568 2412 sanguinolenta,
581 2342 678 2395 virum.
825 2357 849 2397 50

57 2415 108 2470 Tot
116 2421 205 2468 tamen
214 2414 319 2468 amissis
329 2421 353 2469 te
364 2414 593 2485 compensavimus
603 2433 703 2470 uuumz

92 2488 261 2549 rodominus,
278 2496 306 2540 tu
318 2489 367 2555 vir,
385 2497 415 2546 tu
424 2491 496 2549 mihi
505 2490 586 2551 irater
597 2512 669 2552 eras.

42 2560 82 2606 Tu
89 2556 166 2616 milri,
177 2557 282 2612 iuratus
289 2579 344 2633 per
352 2570 478 2629 numina
490 2576 592 2634 matris
600 2591 742 2653 aquosa&

65 2622 129 2673 utile
137 2625 248 2685 dicebas
258 2633 324 2706 ipse
332 2641 427 2706 fuisse
438 2655 525 2729 oapi:
