1770 2992
126 134 175 201 iss
324 152 352 197 Ρ.
374 150 691 201 ov1n11uas0u1s

162 255 244 326 inque
253 269 317 308 suos
327 251 411 308 fontes
420 270 497 309 versa
506 256 617 312 recurrit
626 273 709 330 aqua.

126 327 296 386 Carminibus
308 345 409 382 cessere
418 327 501 384 fores:
522 331 679 403 insertaque
688 331 768 403 posti,

163 403 287 476 quamvis
297 403 379 458 robur
387 410 455 470 erat,
476 405 595 460 carmine
604 405 800 461 victaseraest.

126 478 197 546 Quid
207 478 274 533 mihi
285 476 413 549 profuerit
422 476 500 534 velox
509 487 631 535 cantatus
643 479 782 536 Achilles?

73 566 98 608 su
163 553 229 626 quid
239 570 287 625 pro
297 569 340 607 me
349 551 442 608 Aiaces
452 553 518 609 alter
527 561 553 609 et
561 554 626 610 alter
635 555 737 630 agent?

126 629 227 702 quique
237 636 274 684 tot
284 627 408 694 errando,
429 628 587 700 quotbello,
607 631 727 703 perdidit
736 647 805 686 anun

163 712 255 776 raptus
265 711 291 757 et
300 702 452 757 Haemoniis
462 702 558 759 flebilis
567 705 663 761 Hector
671 704 770 778 equis?

126 778 173 846 At,
194 778 273 834 iacies
283 785 386 833 tenerae
395 784 425 832 ut
434 777 540 834 laudata
550 788 591 835 est
599 797 680 852 saepe
688 781 800 854 puellae.

163 853 196 909 ad
206 861 307 919 vatem,
328 852 444 924 pretium
453 854 595 922 carminis,
616 856 770 927 ipsavenit.

73 941 98 983 as
127 930 221 1003 Magna
232 928 309 984 datur
319 945 429 983 merces.
459 930 573 986 Heroum
583 929 654 986 clara
663 931 751 1003 valete

164 1003 285 1059 nomina:
307 1020 361 1059 uon
371 1011 431 1074 apta
440 1012 480 1058 est
488 1005 572 1078 gratia
581 1013 669 1061 vestra
679 1007 759 1063 mihi.

69 1143 71 1148 ¹
126 1079 167 1135 Ad
178 1096 236 1134 mea
246 1078 374 1134 formosos
383 1078 474 1134 vultus
483 1079 605 1135 adhibete
616 1080 722 1152 puellae

164 1155 294 1222 carmina,
314 1168 466 1227 purpureus
476 1155 803 1228 quaemihidictatAmor

332 1323 573 1380 ELEGIA
618 1324 662 1381 11.

128 1435 219 1512 Quem
228 1462 309 1518 penes
319 1452 358 1500 est
367 1444 503 1501 dominam
513 1444 636 1500 servandi
646 1463 725 1512 cura,
745 1448 805 1520 Bag(

163 1521 229 1575 dum
239 1539 336 1596 perago
345 1528 432 1576 tecum
442 1538 540 1593 pauca,
561 1520 607 1575 sed
618 1528 693 1592 apta,
715 1539 787 1577 vaca.

126 1597 252 1651 Hesterna
261 1597 317 1652 vidi
326 1597 483 1670 spatiantem
493 1595 551 1651 luce
559 1595 676 1668 puellam

164 1670 223 1737 illa,
245 1689 313 1744 quae
322 1672 405 1728 Danai
413 1671 532 1746 porticus
542 1688 638 1745 agmen
648 1670 737 1726 habet.

73 1757 86 1798 5
126 1746 249 1800 Protinus
260 1754 290 1801 ut
298 1746 411 1818 placuit,
432 1747 494 1802 misi
505 1746 656 1818 scriptoque
668 1745 770 1820 rogavi.

135 1842 137 1846 ⁸
163 1821 306 1891 Rescripsit
314 1822 429 1892 trepida,
450 1823 509 1877 Nou
521 1819 593 1888 licet,
614 1819 764 1876 illamanu.

125 1896 171 1959 Et,
192 1911 241 1948 cur
251 1911 304 1948 non
315 1894 404 1961 liceat,
424 1896 576 1969 quaerenti,
597 1892 699 1950 reddita
709 1911 802 1950 caussa

162 1968 234 2041 quod
244 1968 359 2023 nimium
369 1969 429 2026 dom
434 1972 491 2026 inae
500 1988 564 2027 cura
573 1969 683 2026 molesta
694 1976 798 2026 tuaest.

125 2043 153 2099 Si
165 2044 274 2116 sapiso,
295 2051 398 2112 custos,
419 2046 525 2113 odium,
546 2045 715 2112 mihicrede,
736 2062 805 2101 mere

71 2131 97 2173 ru
162 2119 266 2175 desine!
288 2119 373 2189 Quam
383 2122 478 2195 metuit
487 2121 616 2195 quisque,
637 2120 805 2193 perissecupi

124 2195 171 2250 Vir
181 2213 347 2269 quoquennn
356 2197 476 2269 sapiens:
488 2196 554 2270 quid
564 2196 636 2251 enim
642 2213 749 2252 servare
758 2196 805 2253 tan

161 2270 233 2326 unde
243 2272 326 2339 nihil,
347 2272 472 2345 quamvis
485 2279 651 2338 contueare,
670 2271 758 2343 perit?

125 2343 175 2399 Sed
184 2354 258 2420 gerat
267 2346 311 2401 ille
321 2366 371 2402 suc
382 2365 482 2403 morem
493 2346 610 2402 furiosus
619 2348 716 2404 amori:

162 2428 187 2473 et
195 2429 308 2487 castam,
329 2421 421 2476 multis
431 2440 499 2496 quae
507 2421 607 2495 placet,
626 2440 684 2477 esse
695 2430 779 2494 putet.

61 2507 92 2549 15
115 2496 187 2559 Huic
193 2495 294 2556 furtiva
306 2505 353 2558 tuo
363 2497 475 2557 libertas
486 2515 604 2555 munere
612 2497 709 2555 rietur,

142 2594 228 2652 quum
240 2577 352 2639 dederis
363 2579 423 2651 illi,
444 2576 545 2637 reddat
553 2581 590 2630 ut
597 2570 648 2625 iiia
655 2565 732 2646 tuti..

90 2653 232 2718 Conscius
243 2679 309 2724 esse
320 2661 396 2727 velis
408 2684 414 2725 τ
441 2655 565 2720 domina
575 2653 624 2706 est
631 2645 757 2700 annuns
765 2647 805 2686 ser
