1770 2992
67 135 70 144 '
119 151 167 207 tet
302 155 331 202 e.
353 153 479 202 ovium
496 152 670 201 nesoms

117 260 195 316 Vivet
204 264 229 312 et
237 253 383 321 Aseraeus,
402 254 468 310 dum
478 253 578 310 mustis
586 271 642 311 uve
651 255 770 312 tumebit:

154 333 221 388 dum
230 329 304 387 cedet
313 331 424 387 incurva
433 328 498 385 falce
507 336 607 385 reeeete
617 329 707 386 Ceres.

118 407 248 464 Battiades
257 413 311 462 toto
320 422 425 478 semper
434 403 585 460 eentebitui·
593 405 672 474 orbe;

156 481 282 556 quemvis
295 481 403 555 ingenio
412 497 467 536 nen
479 479 564 547 velet,
585 487 642 535 erte
653 478 733 536 velet.

65 572 91 615 15
117 559 198 614 Nulla
206 555 350 629 Sophocleo
359 555 448 613 veniet
456 555 557 611 iectura
566 554 708 612 cothurno.

157 633 226 689 Cum
236 630 296 688 Sole
304 639 330 686 et
339 632 416 686 Luna
425 642 531 702 semper
539 628 638 686 Aratus
647 630 707 686 erit.

120 712 190 765 Dum
199 706 280 763 fallen
289 723 397 772 servus,
418 704 503 761 durus
512 712 601 778 peter,
622 703 770 778 impmbult

157 783 255 838 vixerit
263 790 289 837 et
302 781 428 837 meretrix
436 779 549 846 blande.
569 780 770 837 Menendmeeri

120 857 226 914 Ennius
236 865 289 912 erte
299 873 406 922 carens,
425 855 595 928 animosique
603 855 702 912 Accius
711 856 770 922 oris¹

67 945 92 988 2⁰
158 948 284 987 casurum
295 931 370 987 nullo
379 937 496 1003 tempore
507 948 605 987 nomeu
614 928 724 987 hebent.

121 1009 267 1066 Varronem
277 1006 448 1081 primamque
457 1012 541 1062 retem
551 1023 621 1079 quae
631 1007 732 1063 nesciet
740 1023 770 1062 ee

160 1079 680 1155 aureaqueAeenuiotergepetiteduei?

123 1158 247 1215 Carmine
256 1155 381 1212 sublimis
389 1162 454 1212 tunc
464 1164 529 1212 sunt
536 1155 655 1229 periture
663 1156 768 1214 Lucreti

160 1233 241 1290 exitio
250 1239 332 1287 terrae
341 1249 428 1304 quum
438 1231 576 1287 debitune
584 1231 653 1287 dies.

69 1320 95 1363 25
124 1310 246 1384 Tityrus,
267 1313 293 1362 et
301 1313 417 1382 segetes,
435 1307 589 1380 Aeneiaque
597 1324 673 1362 erma
683 1305 770 1382 legent

160 1386 244 1441 Romu
254 1381 410 1455 triumphati
418 1382 485 1438 dum
494 1381 656 1455 eaputorbie
666 1380 726 1438 erit.

123 1461 211 1516 Donec
220 1465 299 1516 eruut
307 1458 383 1533 ignee
393 1475 524 1530 meusque
534 1457 677 1529 Cupidinis
687 1474 769 1522 arma,

161 1532 427 1599 diseenturnumeri,
447 1531 518 1588 culte
528 1530 648 1600 Tibulle,
669 1532 720 1588 tui.

126 1609 220 1666 Gallus
229 1617 254 1664 et
264 1608 411 1682 Hesperiis.
431 1615 458 1664 et
467 1606 561 1664 Gallus
571 1614 651 1663 notus
660 1607 735 1672 Eois,

72 1695 97 1738 tu
163 1692 189 1740 et
199 1702 248 1740 sua
257 1702 320 1740 cum
329 1683 406 1740 Gallo
415 1689 476 1740 note
485 1682 595 1756 Lycoris
605 1683 664 1736 erit.

125 1760 210 1832 Ergo,
230 1776 316 1831 quum
326 1758 428 1827 silieee‚
449 1775 535 1831 quum
545 1757 611 1814 dens
620 1755 745 1829 patientis
754 1773 770 1810 a:

163 1834 389 1904 depereantnevo‚
409 1835 528 1890 carmine
536 1839 620 1889 morte
629 1840 729 1888 carent.

126 1906 399 1966 Cedentcerminibus
408 1927 483 1983 reges
493 1924 641 1984 regumque
650 1905 770 1980 triumph

163 1981 237 2038 cedet
245 1989 271 2037 et
282 1980 388 2038 auriferi
399 1983 456 2057 ripe
465 1985 540 2040 beate
552 1982 627 2058 Tagi.

73 2071 98 2114 ee
126 2057 317 2115 Viliemiretur
325 2055 440 2133 vulgus:
461 2059 529 2115 mihi
539 2058 625 2115 flavus
634 2056 731 2130 Apollo

163 2133 258 2208 poeula
268 2132 381 2191 Castalia
391 2133 470 2207 piena
479 2134 612 2191 ministret
621 2152 703 2207 eque.

127 2210 332 2283 Sustineamque
341 2226 416 2265 eome
426 2218 586 2265 metuentem
596 2209 695 2284 frigore
708 2224 770 2284 myr

165 2294 244 2358 etque
253 2305 268 2343 e
278 2285 391 2342 sollicite
400 2285 504 2341 multus
513 2291 619 2341 emente
630 2285 713 2359 leger.

127 2360 248 2416 Pascitur
257 2361 286 2416 in
296 2360 366 2417 vivis
376 2361 458 2430 liv0r;
478 2358 599 2433 postfate
609 2360 734 2433 quiescit.

75 2444 99 2491 tt
165 2436 241 2490 Tunc
251 2452 318 2490 suus
327 2453 362 2490 ex
370 2436 465 2491 merito
474 2452 609 2508 quemque
619 2442 709 2490 tuetur
718 2435 770 2491 hou

128 2509 302 2584 Ergoetiem,
323 2527 410 2582 quum
420 2527 463 2565 me
472 2529 616 2583 supremus
626 2509 770 2583 adusseriti

166 2586 271 2652 vivam,
292 2602 407 2658 parsque
416 2586 469 2640 mei
479 2585 564 2643 multe
574 2593 710 2659 superstes
720 2586 770 2641 erit

387 2699 578 2720 m-d
