1770 2992
113 125 341 174 AMATORIAE
359 129 427 175 LIB.
442 131 487 177 ΠΙ.
549 128 598 181 259

105 226 170 283 isad
179 225 262 302 Styga
270 228 344 283 venit
352 229 442 300 equis3

118 301 210 357 lustris
219 310 321 357 errante
334 302 449 368 duobus,
627 320 653 363 tt

105 377 137 432 ris
146 376 216 432 belia
223 384 329 451 gerente
337 378 405 432 viro.

105 452 163 508 len:
184 459 209 508 et
218 469 287 524 quae
296 469 383 506 comes
392 453 446 508 isse
456 453 551 510 marito

114 544 199 582 annos
207 527 363 582 occubuisse
372 545 446 583 suos.

106 602 205 657 coniux
214 603 345 675 Pagasaea
353 602 476 658 redemit:

115 694 184 732 uxor
193 675 285 732 funere
298 675 349 732 lata
357 679 411 733 sui.
625 691 650 734 ἕο

106 768 174 821 ,neu3
195 751 296 806 cineres
305 752 487 814 miscebimus.
507 754 596 826 inquit

106 825 155 882 iios
166 825 326 899 desiluitque
336 845 422 902 rogos.

106 900 151 956 dtu
161 908 201 956 est
210 908 235 956 et
245 901 352 957 nomine
361 903 459 959 femina
469 905 573 960 Virtus:

106 975 185 1049 opulo
195 976 218 1031 si
230 975 369 1048 planetilia
381 995 438 1033 suo.

106 1058 183 1106 entes
193 1058 280 1106 nostra
290 1059 436 1122 poscuntur
446 1052 479 1106 ab
489 1061 549 1106 arte.
623 1064 649 1108 25

106 1127 182 1181 mbae
193 1125 250 1181 vela
260 1127 362 1180 minora
374 1142 456 1180 meae.

106 1220 124 1255 >r
133 1218 176 1256 me
185 1200 325 1255 discuntur
338 1217 454 1255 amores:

107 1276 196 1348 ioque
205 1276 241 1330 sit
250 1274 363 1330 amanda
372 1275 460 1331 modo.

106 1368 162 1417 nas,
184 1368 231 1406 neo
242 1368 334 1406 saevos
344 1351 442 1406 excutit
451 1368 537 1406 arcus.

106 1426 160 1481 ideo
169 1425 219 1479 tela
229 1426 404 1481 noeereviris.
561 1446 564 1451 ⁴
623 1438 648 1482 tr

111 1519 116 1570 ;
138 1508 241 1555 tenerae
251 1519 303 1556 non
314 1517 392 1572 saepe
400 1499 516 1571 puellae:

106 1593 212 1648 (naeres,
233 1576 346 1632 crimina
355 1575 455 1630 fraudis
465 1575 568 1632 habent.

106 1658 186 1716 trem,
206 1649 287 1705 fallax
295 1651 398 1705 dimisit
406 1652 498 1705 Iason:

106 1728 139 1780 Ios
149 1724 228 1780 altera
242 1733 324 1798 nupta
337 1725 424 1780 sinus.

106 1800 211 1866 Theseu,
233 1799 353 1856 volucres
362 1799 477 1856 Ariadna
486 1802 603 1857 marinas
623 1813 648 1856 35

106 1875 190 1931 ''asola
200 1874 289 1930 relicta
298 1875 363 1932 loeo.

107 1951 201 2004 urisse
211 1952 281 2006 vices
293 1950 409 2022 dicatur;
429 1960 454 2008 et
462 1953 526 2008 audi

106 2024 424 2099 ¹Phyllidassesseeomis.

117 2099 208 2169 habet;
229 2108 318 2157 tamen
328 2102 425 2172 hospes
434 2107 460 2154 et
468 2116 559 2153 ensem

107 2192 196 2230 ussam
207 2176 309 2240 mortis,
329 2175 426 2237 Elissa,
446 2181 516 2226 tuae.
622 2182 676 2240 ta,

106 2248 143 2316 rit,
165 2249 265 2304 dicam:
286 2247 408 2303 nescistis
420 2263 521 2313 amare;

106 2342 124 2379 ς.
153 2322 215 2378 Arte
223 2328 350 2394 perennat
358 2338 441 2376 amor.

107 2399 201 2454 citent:
223 2397 269 2452 sed
279 2414 321 2451 me
331 2397 457 2472 Cytherea
467 2396 559 2453 dooere

110 2473 200 2529 oeulos
212 2473 328 2528 constitit
337 2473 395 2545 ipsa
404 2491 487 2528 meos.

119 2550 239 2614 miserae,
259 2548 336 2615 dixit,
357 2565 477 2604 meruere
485 2546 607 2620 puellae?
620 2555 646 2603 at

107 2624 128 2677 is
143 2623 241 2698 vulgus
254 2624 355 2681 inerme
363 2623 442 2682 viris.

443 2711 502 2770 M.
