1770 2992
122 155 171 209 ΠΙ
303 158 333 205 1³.
357 157 485 207 0v1u11
505 157 673 205 maome

119 264 160 317 Tu
170 275 288 333 quoque,
298 275 386 331 quum
395 274 488 330 puceu
496 258 581 323 cerci,
597 256 722 325 formose,
735 258 833 331 perisset.

66 350 91 392 20
157 341 293 400 tentasset,
313 333 386 406 quod
395 340 440 399 tu,
462 332 487 387 ei
496 340 542 387 tue
551 340 724 407 moeropue.

120 413 179 485 Ipse
187 427 250 484 ego,
274 425 360 481 quum
370 406 467 463 fuerim
475 406 572 463 meiius
580 408 719 480 peritum
726 404 826 469 emutio,

156 482 397 548 vidireemnultoe,
418 489 501 538 matre
512 490 636 549 necente,
657 482 725 539 dier.

121 560 191 629 Quid
200 559 307 633 plenem
316 556 423 612 fraudas
431 557 513 613 vitem
523 557 705 614 crescentibus
717 557 783 624 uvir,

157 650 290 707 pomaque
298 630 398 690 crudeli
409 630 486 689 vellis
496 632 590 688 acerbe
599 631 703 689 manui

68 722 94 765 25
121 709 219 782 Sponte
228 707 310 763 fluent
318 714 421 762 matura
431 724 491 762 cuc.
519 706 789 765 Sinecrescereuute:

158 790 199 839 est
206 782 322 855 pretium
332 780 420 836 tardae
432 799 486 837 uon
498 779 557 839 leve
568 782 624 838 vitu
632 799 734 838 meree.

120 858 213 913 Vestra
226 856 293 928 quid
301 855 413 913 effoditis
421 855 550 912 subiectis
561 856 665 913 viscere
677 856 747 925 teliu,

158 939 184 987 ct
193 931 313 987 nondum
327 931 396 987 netis
404 930 462 986 dire
471 948 573 987 venene
584 929 675 987 detie‘i

122 1006 248 1065 Colchida
259 1022 407 1079 respersum
418 1023 563 1078 puerorum
575 1006 710 1081 sanguiue
717 1005 821 1079 culpent,

69 1095 94 1137 30
159 1098 228 1156 aque
239 1099 289 1137 eue
300 1098 407 1136 cueeum
416 1088 500 1136 matre
508 1088 660 1153 queruntur
668 1082 741 1156 ltyn.

122 1158 238 1231 Utraque
247 1173 325 1212 saeva
333 1173 442 1228 parens:
453 1155 500 1211 sed
509 1154 630 1211 tristibus
639 1162 754 1230 utruque
761 1148 841 1211 caurus

158 1233 258 1288 iactura
267 1231 331 1286 socii
341 1230 481 1303 sanguinis
492 1229 548 1285 uite
556 1231 648 1286 virum
660 1238 711 1286 eet.
807 1226 811 1235 '

121 1307 216 1374 Dicite,
237 1306 300 1380 quis
309 1306 421 1370 Tereus,
441 1304 503 1377 quis
511 1322 560 1360 vce
569 1304 655 1360 irritet
665 1306 744 1363 reson

159 1383 239 1458 figere
248 1380 360 1438 sollicite
367 1396 476 1451 corpore
484 1387 572 1435 vestre
581 1378 684 1436 mauu?

70 1469 95 1512 ³5
123 1459 178 1514 Hoc
187 1475 274 1530 neque
282 1457 311 1511 in
320 1454 454 1511 Armeniis
463 1455 544 1530 tigres
554 1453 770 1511 iecercietebrie:

160 1532 268 1606 perdere
278 1549 326 1587 nec
335 1530 420 1587 foetur
430 1549 495 1586 cusu
505 1530 595 1586 leaena
606 1546 681 1586 euos.

124 1608 158 1665 ..tt
167 1616 270 1663 tenerae
279 1605 394 1673 faciunt,
413 1606 524 1663 sednon
536 1605 661 1677 impune,
682 1603 794 1677 puellae.

160 1682 256 1754 Saepe,
276 1699 340 1737 suos
349 1689 502 1755 uteroquee
513 1688 601 1746 necet,
620 1681 679 1753 ipsu
688 1679 767 1752 perit.

124 1759 184 1830 Ipse
192 1757 274 1828 perit,
295 1755 430 1828 ferturque
439 1765 496 1813 toro
507 1754 622 1812 resolute
633 1754 760 1828 capilloe3

72 1839 97 1887 te
160 1830 286 1887 etMeritc
295 1828 424 1896 clament,
444 1832 492 1905 qui
501 1831 580 1887 modo
588 1847 697 1903 cunque
707 1828 805 1887 vident.

124 1908 175 1961 lete
185 1904 232 1960 sed
241 1902 368 1958 aetheriae
377 1914 520 1962 vanescunt
527 1905 596 1961 dictu
603 1922 651 1978 per
660 1922 754 1975 euram

161 1987 186 2035 et
199 1979 254 2035 siut
263 1977 398 2034 ominibus
410 1980 526 2052 pondere
536 1979 609 2036 nulia
622 1980 700 2035 meis.

124 2054 269 2122 Difeciles,
288 2070 409 2127 peccasse
418 2055 499 2111 semel
509 2054 642 2111 concedite
651 2062 723 2110 tuto:

161 2137 187 2186 et
198 2131 263 2188 setis
275 2137 324 2188 eet.
353 2130 468 2187 Poenam
476 2129 555 2203 culpe
563 2129 682 2187 secunda
691 2128 766 2186 ieret.

310 2304 552 2364 ELEGIA
596 2304 675 2361 XV·

125 2416 254 2489 Annulo,
274 2422 404 2480 formosae
411 2424 526 2498 digitum
534 2424 657 2479 vincture
666 2422 779 2496 puellae,

164 2499 192 2554 iu
200 2517 254 2572 quo
262 2498 425 2553 censendum
434 2499 487 2565 nii,
509 2499 561 2554 nisi
574 2499 661 2555 dentis
672 2516 760 2566 umcr3

127 2591 227 2629 munus
237 2592 280 2629 eas
290 2581 406 2649 gratum.
436 2575 472 2629 Te
482 2572 546 2629 laete
559 2582 647 2629 mente
659 2582 792 2647 receptum

161 2651 286 2723 protinus
295 2649 412 2706 articulis
422 2648 517 2708 induet
526 2648 573 2706 illu
580 2649 650 2704 suis.
