1770 2992
121 157 153 208 32
307 163 334 207 P.
354 162 483 208 ovum
507 163 676 210 maome

157 270 182 316 et
192 279 255 333 quo,
275 262 297 315 si
309 279 362 317 non
374 262 426 317 eim
436 262 525 329 stulta,
545 280 634 320 carere
642 264 735 321 velim.

120 337 179 391 Non
192 346 280 391 tamen
290 335 405 404 Aenean,
425 337 631 410 quamvismalc
639 339 749 414 cogitat,
770 341 797 396 oi

67 423 92 465 3⁰
157 411 203 465 scd
212 429 308 483 queror
318 410 439 478 infidum,
452 420 599 485 questaque
607 413 687 484 peius
696 432 769 470 amo.

121 488 200 541 Parce
208 487 297 540 Venus
308 486 399 552 nurui,
419 486 572 559 durumque
581 487 740 559 amplectere
749 488 797 544 frat

160 560 341 616 fraterrimor:
361 561 690 631 castrismilitetilletuis3

123 644 177 700 aut,
188 652 236 709 ego
246 652 327 706 quem
336 634 510 708 <impuneque
520 637 593 692 enim
603 636 757 712 dedignor)
765 657 797 693 eu

159 711 295 764 materiam
304 727 383 765 curae
392 711 514 781 praebeat
523 710 569 765 ille
578 728 661 767 meae.

68 796 93 838 35
119 784 215 849 Fauor,
230 785 314 840 etista
323 784 390 840 mihi
400 784 466 840 salso
477 787 588 840 iactatur
597 786 698 861 imago.

159 859 249 914 Matris
259 860 293 914 ab
302 859 411 933 ingenio
420 859 530 915 dissidet
542 859 585 915 ille
595 878 669 916 suae.

122 934 158 987 Te
171 933 247 1005 lapis,
269 942 294 989 et
301 942 414 1000 montes,
435 935 580 1007 innataque
589 935 704 1007 rupibus
716 935 776 991 aitis

159 1009 260 1074 robore,
281 1017 408 1064 tesaevae
416 1027 579 1083 progenuere
587 1008 669 1066 serae:

122 1090 167 1136 aut
176 1100 260 1148 mare,
280 1082 468 1156 qualevidoea
490 1084 748 1158 'tarinuncquoque
760 1101 797 1140 vei

69 1164 93 1211 ιο
154 1174 210 1228 que
236 1158 452 1213 tamenadversis
481 1159 634 1215 uetibusire
642 1177 732 1232 paras.

122 1230 181 1297 Quo
190 1230 279 1306 fugis?
287 1232 380 1288 Obstat
388 1233 489 1288 hiems:
500 1234 597 1288 hiemis
607 1234 797 1308 mihigratiapr

158 1306 281 1380 Adspice,
302 1315 332 1363 ut
340 1325 445 1362 eversas
455 1308 566 1364 concitet
574 1309 664 1364 Eurus
674 1327 767 1382 aquea.

121 1382 198 1449 Quod
208 1385 256 1441 uhi
266 1383 417 1450 maluerim,
438 1384 497 1438 sine
506 1401 550 1438 me
558 1383 654 1438 debere
662 1383 792 1455 procellis.

159 1458 684 1517 iustiorestanimoventusetundatuo.

68 1540 92 1586 45
118 1535 306 1608 Nonegosum
316 1537 391 1600 tanti,
411 1535 536 1607 quamvis
549 1534 688 1600 merearis,
709 1535 797 1606 inique

159 1616 189 1661 ut
197 1627 297 1679 pereas,
317 1609 383 1662 dum
396 1626 439 1663 me
447 1626 494 1680 per
502 1608 567 1663 freta
577 1607 656 1683 longa
665 1608 748 1682 fugis.

121 1681 233 1735 Exerces
242 1681 354 1752 pretiosa
366 1680 435 1749 odia,
455 1691 481 1738 et
490 1683 636 1739 constantia
645 1701 753 1770 magno,

158 1755 191 1819 si,
212 1755 278 1809 dum
291 1771 334 1808 me
343 1772 440 1823 careas,
461 1758 556 1813 esttibi
570 1757 623 1814 vile
632 1775 710 1814 mori.

121 1830 176 1881 Iam
187 1828 257 1882 venii
267 1838 375 1900 ponent,
396 1839 528 1904 strataque
538 1831 682 1905 aequaliter
690 1834 772 1899 unda,

68 1915 92 1956 55
157 1901 282 1957 caeruleis
298 1905 387 1961 Triton
396 1924 443 1978 per
453 1925 525 1962 mare
534 1914 621 1962 curret
629 1907 716 1979 equis.

121 1978 160 2031 Tu
171 1996 278 2049 quoque
289 1996 350 2034 eum
360 1983 446 2036 ventis
458 1982 561 2037 utinam
571 1982 707 2036 mutabilis
718 2000 797 2039 esses:

157 2061 191 2118 et,
213 2054 264 2108 uisi
275 2053 371 2109 duritia
381 2057 473 2111 robora
484 2058 580 2122 vincia
601 2057 662 2110 eris.

120 2126 200 2194 Quid,
221 2129 244 2182 si
256 2130 390 2196 nescieris,
412 2132 505 2186 insana
515 2132 581 2203 quid
593 2149 707 2202 aequora
717 2131 797 2202 poeair

156 2205 285 2275 Expertae
295 2206 370 2260 toties
379 2224 461 2278 quem
472 2205 541 2260 male
550 2207 635 2261 credis
645 2205 749 2275 aquae?

66 2290 90 2331 55
116 2278 149 2332 Ut
159 2278 251 2352 pelago
261 2281 387 2335 suadente
396 2281 475 2335 etiam
484 2280 627 2335 retinacula
636 2280 735 2346 selvas,

158 2352 240 2408 multa
252 2363 338 2409 tamen
351 2354 419 2409 latus
429 2356 512 2410 tristia
522 2364 619 2427 pontus
629 2355 717 2410 habet.

119 2431 172 2482 Nec
182 2429 294 2484 violasse
303 2429 382 2483 fidem
392 2431 554 2485 tentantibus
567 2448 681 2502 aequora
689 2432 797 2501 prodest

155 2504 280 2558 Perfidiae
289 2522 387 2576 poenas
397 2505 479 2578 exigit
488 2504 532 2559 ille
542 2505 628 2561 locus:

119 2579 258 2650 praecipue
268 2597 353 2651 quum
364 2578 451 2634 laesus
460 2580 557 2646 Amen
579 2581 642 2651 quie
657 2590 742 2635 mater
754 2585 797 2637 Au

65 2665 89 2705 ao
154 2653 225 2709 nuda
236 2654 397 2730 Cytheriacis
407 2654 475 2709 edite
485 2653 566 2709 fertur
576 2655 665 2725 aquis.
