<?xml version="1.0" encoding="UTF-8"?>
<!DOCTYPE html PUBLIC "-//W3C//DTD XHTML 1.0 Transitional//EN"
    "http://www.w3.org/TR/xhtml1/DTD/xhtml1-transitional.dtd">
<html xmlns="http://www.w3.org/1999/xhtml" xml:lang="en" lang="en">
 <head>
  <title>
</title>
<meta http-equiv="Content-Type" content="text/html;charset=utf-8" />
  <meta name='ocr-system' content='tesseract 3.04.00' />
  <meta name='ocr-capabilities' content='ocr_page ocr_carea ocr_par ocr_line ocrx_word'/>
</head>
<body>
  <div class='ocr_page' id='page_1' title='image "./povidiinasoniso00ovidgoog_0137.png"; bbox 0 0 1770 2992; ppageno 0'>
   <div class='ocr_carea' id='block_1_1' title="bbox 123 159 682 212">
    <p class='ocr_par' dir='ltr' id='par_1_1' title="bbox 123 159 682 212">
     <span class='ocr_line' id='line_1_1' title="bbox 123 159 682 212; baseline -0.013 -1"><span class='ocrx_word' id='word_1_1' title='bbox 123 159 171 212; x_wconf 76' lang='lat' dir='ltr'><strong>t26</strong></span> <span class='ocrx_word' id='word_1_2' title='bbox 210 194 212 198; x_wconf 32' lang='grc' dir='ltr'><strong><em>ι</em></strong></span> <span class='ocrx_word' id='word_1_3' title='bbox 317 160 347 206; x_wconf 78' lang='grc' dir='ltr'><strong>Ρ.</strong></span> <span class='ocrx_word' id='word_1_4' title='bbox 368 159 495 206; x_wconf 82' lang='lat' dir='ltr'><strong>0v1n11</strong></span> <span class='ocrx_word' id='word_1_5' title='bbox 512 159 682 207; x_wconf 69' lang='lat' dir='ltr'><strong>nnsonls</strong></span> 
     </span>
    </p>
   </div>
   <div class='ocr_carea' id='block_1_2' title="bbox 60 257 715 2584">
    <p class='ocr_par' dir='ltr' id='par_1_2' title="bbox 60 257 715 2584">
     <span class='ocr_line' id='line_1_2' title="bbox 66 257 715 335; baseline -0.009 -15"><span class='ocrx_word' id='word_1_6' title='bbox 66 277 106 320; x_wconf 80' lang='grc'><strong>115</strong></span> <span class='ocrx_word' id='word_1_7' title='bbox 121 265 207 335; x_wconf 85' lang='lat' dir='ltr'>Turpe</span> <span class='ocrx_word' id='word_1_8' title='bbox 217 260 265 316; x_wconf 88' lang='lat' dir='ltr'><strong>tihi</strong></span> <span class='ocrx_word' id='word_1_9' title='bbox 275 267 328 326; x_wconf 89' lang='lat' dir='ltr'><strong>est,</strong></span> <span class='ocrx_word' id='word_1_10' title='bbox 349 257 426 316; x_wconf 88' lang='lat' dir='ltr'><strong>illum</strong></span> <span class='ocrx_word' id='word_1_11' title='bbox 435 277 543 314; x_wconf 87' lang='lat' dir='ltr'><strong>caussas</strong></span> <span class='ocrx_word' id='word_1_12' title='bbox 552 259 684 332; x_wconf 84' lang='lat' dir='ltr'><strong>depellere</strong></span> <span class='ocrx_word' id='word_1_13' title='bbox 693 258 715 314; x_wconf 89' lang='lat' dir='ltr'><strong>le</strong></span> 
     </span>
     <span class='ocr_line' id='line_1_3' title="bbox 157 332 700 392; baseline -0.007 0"><span class='ocrx_word' id='word_1_14' title='bbox 157 343 280 392; x_wconf 82' lang='lat' dir='ltr'><strong>tecontra</strong></span> <span class='ocrx_word' id='word_1_15' title='bbox 290 333 399 390; x_wconf 88' lang='lat' dir='ltr'><strong>titulum</strong></span> <span class='ocrx_word' id='word_1_16' title='bbox 409 335 500 390; x_wconf 84' lang='lat' dir='ltr'><strong>mortis</strong></span> <span class='ocrx_word' id='word_1_17' title='bbox 509 332 608 389; x_wconf 86' lang='lat' dir='ltr'><strong>habers</strong></span> <span class='ocrx_word' id='word_1_18' title='bbox 616 352 700 390; x_wconf 77' lang='lat' dir='ltr'><strong>meae.</strong></span> 
     </span>
     <span class='ocr_line' id='line_1_4' title="bbox 120 407 715 484; baseline -0.01 -16"><span class='ocrx_word' id='word_1_19' title='bbox 120 411 273 484; x_wconf 87' lang='lat' dir='ltr'><strong>Numquid,</strong></span> <span class='ocrx_word' id='word_1_20' title='bbox 295 410 322 464; x_wconf 90' lang='lat' dir='ltr'><strong>in</strong></span> <span class='ocrx_word' id='word_1_21' title='bbox 335 410 460 466; x_wconf 86' lang='lat' dir='ltr'><strong>umbroso</strong></span> <span class='ocrx_word' id='word_1_22' title='bbox 470 426 557 482; x_wconf 91' lang='lat' dir='ltr'><strong>quum</strong></span> <span class='ocrx_word' id='word_1_23' title='bbox 566 407 650 465; x_wconf 82' lang='lat' dir='ltr'><strong>velles</strong></span> <span class='ocrx_word' id='word_1_24' title='bbox 660 408 715 465; x_wconf 82' lang='lat' dir='ltr'><strong>sont</strong></span> 
     </span>
     <span class='ocr_line' id='line_1_5' title="bbox 158 482 678 558; baseline -0.01 -17"><span class='ocrx_word' id='word_1_25' title='bbox 158 486 315 558; x_wconf 88' lang='lat' dir='ltr'><strong>imprudens</strong></span> <span class='ocrx_word' id='word_1_26' title='bbox 324 483 416 540; x_wconf 81' lang='lat' dir='ltr'><strong>vultus</strong></span> <span class='ocrx_word' id='word_1_27' title='bbox 426 484 459 540; x_wconf 86' lang='lat' dir='ltr'><strong>ad</strong></span> <span class='ocrx_word' id='word_1_28' title='bbox 469 493 514 539; x_wconf 85' lang='lat' dir='ltr'><strong>tua</strong></span> <span class='ocrx_word' id='word_1_29' title='bbox 524 483 598 539; x_wconf 81' lang='lat' dir='ltr'><strong>labra</strong></span> <span class='ocrx_word' id='word_1_30' title='bbox 607 482 657 540; x_wconf 88' lang='lat' dir='ltr'><strong>tuli</strong></span> <span class='ocrx_word' id='word_1_31' title='bbox 664 483 678 536; x_wconf 85' lang='lat'><strong>‘?</strong></span> 
     </span>
     <span class='ocr_line' id='line_1_6' title="bbox 121 557 692 618; baseline -0.014 1"><span class='ocrx_word' id='word_1_32' title='bbox 121 560 278 618; x_wconf 86' lang='lat' dir='ltr'><strong>Praeteriine</strong></span> <span class='ocrx_word' id='word_1_33' title='bbox 288 565 347 614; x_wconf 79' lang='lat' dir='ltr'><strong>tuas</strong></span> <span class='ocrx_word' id='word_1_34' title='bbox 356 559 390 613; x_wconf 88' lang='lat' dir='ltr'><strong>ds</strong></span> <span class='ocrx_word' id='word_1_35' title='bbox 399 567 436 614; x_wconf 90' lang='lat' dir='ltr'><strong>tot</strong></span> <span class='ocrx_word' id='word_1_36' title='bbox 444 557 603 614; x_wconf 87' lang='lat' dir='ltr'><strong>coelestibus</strong></span> <span class='ocrx_word' id='word_1_37' title='bbox 612 557 692 614; x_wconf 80' lang='lat' dir='ltr'><strong>aras?</strong></span> 
     </span>
     <span class='ocr_line' id='line_1_7' title="bbox 68 641 715 708; baseline -0.009 -16"><span class='ocrx_word' id='word_1_38' title='bbox 68 651 107 693; x_wconf 79' lang='lat' dir='ltr'><strong>tto</strong></span> <span class='ocrx_word' id='word_1_39' title='bbox 159 646 237 708; x_wconf 81' lang='lat' dir='ltr'><strong>atque</strong></span> <span class='ocrx_word' id='word_1_40' title='bbox 246 644 291 689; x_wconf 85' lang='lat' dir='ltr'><strong>tua</strong></span> <span class='ocrx_word' id='word_1_41' title='bbox 301 643 341 688; x_wconf 86' lang='lat' dir='ltr'><strong>est</strong></span> <span class='ocrx_word' id='word_1_42' title='bbox 350 643 438 689; x_wconf 86' lang='lat' dir='ltr'><strong>nostra</strong></span> <span class='ocrx_word' id='word_1_43' title='bbox 450 641 537 705; x_wconf 86' lang='lat' dir='ltr'><strong>spreta</strong></span> <span class='ocrx_word' id='word_1_44' title='bbox 546 641 656 705; x_wconf 84' lang='lat' dir='ltr'><strong>parente</strong></span> <span class='ocrx_word' id='word_1_45' title='bbox 666 650 715 705; x_wconf 81' lang='lat' dir='ltr'><strong>pan</strong></span> 
     </span>
     <span class='ocr_line' id='line_1_8' title="bbox 122 707 709 784; baseline -0.009 -18"><span class='ocrx_word' id='word_1_46' title='bbox 122 711 165 767; x_wconf 94' lang='lat' dir='ltr'><strong>Nil</strong></span> <span class='ocrx_word' id='word_1_47' title='bbox 175 728 224 784; x_wconf 79' lang='lat' dir='ltr'><strong>ego</strong></span> <span class='ocrx_word' id='word_1_48' title='bbox 233 709 353 781; x_wconf 56' lang='lat' dir='ltr'><strong>peccam</strong></span> <span class='ocrx_word' id='word_1_49' title='bbox 375 709 427 762; x_wconf 89' lang='lat' dir='ltr'><strong>nisi</strong></span> <span class='ocrx_word' id='word_1_50' title='bbox 437 708 509 780; x_wconf 89' lang='lat' dir='ltr'><strong>quod</strong></span> <span class='ocrx_word' id='word_1_51' title='bbox 518 708 635 779; x_wconf 84' lang='lat' dir='ltr'><strong>periuria</strong></span> <span class='ocrx_word' id='word_1_52' title='bbox 647 707 709 782; x_wconf 80' lang='lat' dir='ltr'><strong>legi,</strong></span> 
     </span>
     <span class='ocr_line' id='line_1_9' title="bbox 159 780 709 857; baseline -0.007 -17"><span class='ocrx_word' id='word_1_53' title='bbox 159 787 241 857; x_wconf 88' lang='lat' dir='ltr'><strong>inquc</strong></span> <span class='ocrx_word' id='word_1_54' title='bbox 250 800 346 856; x_wconf 84' lang='lat' dir='ltr'><strong>parum</strong></span> <span class='ocrx_word' id='word_1_55' title='bbox 355 781 441 838; x_wconf 82' lang='lat' dir='ltr'><strong>fausto</strong></span> <span class='ocrx_word' id='word_1_56' title='bbox 450 783 567 838; x_wconf 84' lang='lat' dir='ltr'><strong>carmine</strong></span> <span class='ocrx_word' id='word_1_57' title='bbox 575 783 651 838; x_wconf 77' lang='lat' dir='ltr'><strong>docta</strong></span> <span class='ocrx_word' id='word_1_58' title='bbox 660 780 709 838; x_wconf 84' lang='lat' dir='ltr'><strong>fui.</strong></span> 
     </span>
     <span class='ocr_line' id='line_1_10' title="bbox 122 856 715 932; baseline -0.007 -18"><span class='ocrx_word' id='word_1_59' title='bbox 122 861 210 932; x_wconf 86' lang='lat' dir='ltr'><strong>Tuqu</strong></span> <span class='ocrx_word' id='word_1_60' title='bbox 246 857 438 929; x_wconf 84' lang='lat' dir='ltr'><strong>ueproncbis,</strong></span> <span class='ocrx_word' id='word_1_61' title='bbox 459 858 545 913; x_wconf 89' lang='lat' dir='ltr'><strong>sinon</strong></span> <span class='ocrx_word' id='word_1_62' title='bbox 556 856 678 913; x_wconf 85' lang='lat' dir='ltr'><strong>mentiris</strong></span> <span class='ocrx_word' id='word_1_63' title='bbox 688 873 715 912; x_wconf 86' lang='lat' dir='ltr'><strong>ar</strong></span> 
     </span>
     <span class='ocr_line' id='line_1_11' title="bbox 160 932 715 1005; baseline -0.005 -17"><span class='ocrx_word' id='word_1_64' title='bbox 160 942 215 990; x_wconf 87' lang='lat' dir='ltr'><strong>tura</strong></span> <span class='ocrx_word' id='word_1_65' title='bbox 237 950 309 988; x_wconf 84' lang='lat' dir='ltr'><strong>eras:</strong></span> <span class='ocrx_word' id='word_1_66' title='bbox 329 932 446 1004; x_wconf 81' lang='lat' dir='ltr'><strong>prosint,</strong></span> <span class='ocrx_word' id='word_1_67' title='bbox 467 949 672 1005; x_wconf 84' lang='lat' dir='ltr'><strong>quacnocuerc,</strong></span> <span class='ocrx_word' id='word_1_68' title='bbox 693 949 715 986; x_wconf 94' lang='lat' dir='ltr'><strong>m</strong></span> 
     </span>
     <span class='ocr_line' id='line_1_12' title="bbox 68 1005 715 1084; baseline -0.006 -20"><span class='ocrx_word' id='word_1_69' title='bbox 68 1021 107 1064; x_wconf 79' lang='lat'><strong>185</strong></span> <span class='ocrx_word' id='word_1_70' title='bbox 122 1008 186 1075; x_wconf 87' lang='lat' dir='ltr'><strong>Cur,</strong></span> <span class='ocrx_word' id='word_1_71' title='bbox 206 1019 274 1081; x_wconf 86' lang='lat' dir='ltr'><strong>qnae</strong></span> <span class='ocrx_word' id='word_1_72' title='bbox 284 1015 432 1072; x_wconf 80' lang='lat' dir='ltr'>succenset,</span> <span class='ocrx_word' id='word_1_73' title='bbox 453 1005 525 1084; x_wconf 87' lang='lat' dir='ltr'><strong>quod</strong></span> <span class='ocrx_word' id='word_1_74' title='bbox 536 1007 623 1062; x_wconf 88' lang='lat' dir='ltr'><strong>adhuc</strong></span> <span class='ocrx_word' id='word_1_75' title='bbox 633 1007 680 1062; x_wconf 88' lang='lat' dir='ltr'><strong>tihi</strong></span> <span class='ocrx_word' id='word_1_76' title='bbox 691 1024 715 1078; x_wconf 75' lang='lat' dir='ltr'><strong>p:</strong></span> 
     </span>
     <span class='ocr_line' id='line_1_13' title="bbox 160 1081 701 1154; baseline -0.007 -15"><span class='ocrx_word' id='word_1_77' title='bbox 160 1102 213 1139; x_wconf 89' lang='lat' dir='ltr'><strong>non</strong></span> <span class='ocrx_word' id='word_1_78' title='bbox 223 1091 268 1138; x_wconf 85' lang='lat' dir='ltr'><strong>tua</strong></span> <span class='ocrx_word' id='word_1_79' title='bbox 278 1082 326 1148; x_wconf 91' lang='lat' dir='ltr'><strong>sit,</strong></span> <span class='ocrx_word' id='word_1_80' title='bbox 347 1082 404 1136; x_wconf 86' lang='lat' dir='ltr'><strong>ficri</strong></span> <span class='ocrx_word' id='word_1_81' title='bbox 413 1099 446 1136; x_wconf 88' lang='lat' dir='ltr'><strong>ns</strong></span> <span class='ocrx_word' id='word_1_82' title='bbox 454 1089 500 1137; x_wconf 85' lang='lat' dir='ltr'><strong>tua</strong></span> <span class='ocrx_word' id='word_1_83' title='bbox 508 1083 607 1154; x_wconf 88' lang='lat' dir='ltr'><strong>possit,</strong></span> <span class='ocrx_word' id='word_1_84' title='bbox 628 1100 643 1136; x_wconf 90' lang='lat' dir='ltr'><strong>a</strong></span> <span class='ocrx_word' id='word_1_85' title='bbox 663 1081 701 1135; x_wconf 76' lang='lat' dir='ltr'><strong>itt</strong></span> 
     </span>
     <span class='ocr_line' id='line_1_14' title="bbox 123 1099 708 1229; baseline -0.007 -15"><span class='ocrx_word' id='word_1_86' title='bbox 123 1158 218 1214; x_wconf 87' lang='lat' dir='ltr'><strong>Omnia</strong></span> <span class='ocrx_word' id='word_1_87' title='bbox 227 1157 260 1212; x_wconf 89' lang='lat' dir='ltr'><strong>dc</strong></span> <span class='ocrx_word' id='word_1_88' title='bbox 268 1157 329 1212; x_wconf 86' lang='lat' dir='ltr'><strong>viva</strong></span> <span class='ocrx_word' id='word_1_89' title='bbox 339 1157 386 1211; x_wconf 88' lang='lat' dir='ltr'><strong>tibi</strong></span> <span class='ocrx_word' id='word_1_90' title='bbox 397 1163 460 1212; x_wconf 89' lang='lat' dir='ltr'><strong>sunt</strong></span> <span class='ocrx_word' id='word_1_91' title='bbox 469 1155 608 1229; x_wconf 78' lang='lat' dir='ltr'><strong>speranda.</strong></span> <span class='ocrx_word' id='word_1_92' title='bbox 638 1099 708 1224; x_wconf 53' lang='lat' dir='ltr'><strong>guid</strong></span> 
     </span>
     <span class='ocr_line' id='line_1_15' title="bbox 159 1231 715 1304; baseline -0.005 -15"><span class='ocrx_word' id='word_1_93' title='bbox 159 1251 237 1289; x_wconf 83' lang='lat' dir='ltr'><strong>saeva</strong></span> <span class='ocrx_word' id='word_1_94' title='bbox 246 1232 312 1286; x_wconf 89' lang='lat' dir='ltr'><strong>mihi</strong></span> <span class='ocrx_word' id='word_1_95' title='bbox 324 1232 420 1297; x_wconf 83' lang='lat' dir='ltr'><strong>vitam,</strong></span> <span class='ocrx_word' id='word_1_96' title='bbox 440 1249 515 1304; x_wconf 87' lang='lat' dir='ltr'><strong>spem</strong></span> <span class='ocrx_word' id='word_1_97' title='bbox 526 1232 573 1286; x_wconf 90' lang='lat' dir='ltr'><strong>tibi</strong></span> <span class='ocrx_word' id='word_1_98' title='bbox 583 1231 645 1287; x_wconf 88' lang='lat' dir='ltr'><strong>diva</strong></span> <span class='ocrx_word' id='word_1_99' title='bbox 655 1231 715 1286; x_wconf 71' lang='lat' dir='ltr'><strong>mei*</strong></span> 
     </span>
     <span class='ocr_line' id='line_1_16' title="bbox 122 1306 715 1371; baseline -0.01 -5"><span class='ocrx_word' id='word_1_100' title='bbox 122 1311 214 1366; x_wconf 80' lang='lat' dir='ltr'><strong>Noctu</strong></span> <span class='ocrx_word' id='word_1_101' title='bbox 226 1306 367 1362; x_wconf 83' lang='lat' dir='ltr'><strong>credideris</strong></span> <span class='ocrx_word' id='word_1_102' title='bbox 377 1306 469 1371; x_wconf 84' lang='lat' dir='ltr'><strong>ilium,</strong></span> <span class='ocrx_word' id='word_1_103' title='bbox 489 1306 533 1362; x_wconf 89' lang='lat' dir='ltr'><strong>cui</strong></span> <span class='ocrx_word' id='word_1_104' title='bbox 543 1307 660 1362; x_wconf 86' lang='lat' dir='ltr'><strong>destinor</strong></span> <span class='ocrx_word' id='word_1_105' title='bbox 668 1324 715 1361; x_wconf 76' lang='lat' dir='ltr'><strong>ux&lt;</strong></span> 
     </span>
     <span class='ocr_line' id='line_1_17' title="bbox 69 1380 715 1458; baseline -0.008 -18"><span class='ocrx_word' id='word_1_106' title='bbox 69 1397 108 1440; x_wconf 81' lang='lat' dir='ltr'><strong>ttc</strong></span> <span class='ocrx_word' id='word_1_107' title='bbox 160 1401 237 1458; x_wconf 72' lang='lat' dir='ltr'><strong>aegra</strong></span> <span class='ocrx_word' id='word_1_108' title='bbox 247 1382 411 1455; x_wconf 88' lang='lat' dir='ltr'><strong>superposita</strong></span> <span class='ocrx_word' id='word_1_109' title='bbox 421 1382 539 1437; x_wconf 82' lang='lat' dir='ltr'><strong>membra</strong></span> <span class='ocrx_word' id='word_1_110' title='bbox 550 1380 637 1437; x_wconf 80' lang='lat' dir='ltr'><strong>fovere</strong></span> <span class='ocrx_word' id='word_1_111' title='bbox 647 1399 715 1436; x_wconf 89' lang='lat' dir='ltr'><strong>mam</strong></span> 
     </span>
     <span class='ocr_line' id='line_1_18' title="bbox 123 1456 715 1530; baseline -0.008 -14"><span class='ocrx_word' id='word_1_112' title='bbox 123 1456 414 1530; x_wconf 78' lang='lat' dir='ltr'><strong>Assidctillsquidsm,</strong></span> <span class='ocrx_word' id='word_1_113' title='bbox 434 1464 566 1529; x_wconf 84' lang='lat' dir='ltr'><strong>quantum</strong></span> <span class='ocrx_word' id='word_1_114' title='bbox 576 1457 715 1528; x_wconf 78' lang='lat' dir='ltr'><strong>permittitr</strong></span> 
     </span>
     <span class='ocr_line' id='line_1_19' title="bbox 160 1529 715 1605; baseline -0.007 -16"><span class='ocrx_word' id='word_1_115' title='bbox 160 1534 207 1589; x_wconf 86' lang='lat' dir='ltr'><strong>sed</strong></span> <span class='ocrx_word' id='word_1_116' title='bbox 217 1532 339 1588; x_wconf 89' lang='lat' dir='ltr'><strong>meminit</strong></span> <span class='ocrx_word' id='word_1_117' title='bbox 347 1542 468 1590; x_wconf 89' lang='lat' dir='ltr'><strong>nostrum</strong></span> <span class='ocrx_word' id='word_1_118' title='bbox 478 1529 592 1605; x_wconf 82' lang='lat' dir='ltr'><strong>virginis</strong></span> <span class='ocrx_word' id='word_1_119' title='bbox 601 1549 659 1587; x_wconf 85' lang='lat' dir='ltr'><strong>esse</strong></span> <span class='ocrx_word' id='word_1_120' title='bbox 668 1540 715 1587; x_wconf 82' lang='lat' dir='ltr'><strong>ton</strong></span> 
     </span>
     <span class='ocr_line' id='line_1_20' title="bbox 124 1606 715 1681; baseline -0.007 -16"><span class='ocrx_word' id='word_1_121' title='bbox 124 1611 179 1665; x_wconf 85' lang='lat' dir='ltr'><strong>Iam</strong></span> <span class='ocrx_word' id='word_1_122' title='bbox 190 1626 297 1681; x_wconf 88' lang='lat' dir='ltr'><strong>quoquc</strong></span> <span class='ocrx_word' id='word_1_123' title='bbox 309 1608 397 1664; x_wconf 86' lang='lat' dir='ltr'><strong>nescio</strong></span> <span class='ocrx_word' id='word_1_124' title='bbox 409 1606 476 1681; x_wconf 88' lang='lat' dir='ltr'><strong>quid</strong></span> <span class='ocrx_word' id='word_1_125' title='bbox 485 1606 518 1662; x_wconf 88' lang='lat' dir='ltr'><strong>ds</strong></span> <span class='ocrx_word' id='word_1_126' title='bbox 528 1625 570 1662; x_wconf 84' lang='lat' dir='ltr'><strong>ms</strong></span> <span class='ocrx_word' id='word_1_127' title='bbox 579 1607 696 1662; x_wconf 81' lang='lat' dir='ltr'><strong>sensisse</strong></span> <span class='ocrx_word' id='word_1_128' title='bbox 708 1626 715 1652; x_wconf 71' lang='lat' dir='ltr'><strong>r</strong></span> 
     </span>
     <span class='ocr_line' id='line_1_21' title="bbox 161 1681 715 1754; baseline -0.009 -15"><span class='ocrx_word' id='word_1_129' title='bbox 161 1701 223 1739; x_wconf 90' lang='lat' dir='ltr'><strong>nam</strong></span> <span class='ocrx_word' id='word_1_130' title='bbox 235 1682 356 1738; x_wconf 81' lang='lat' dir='ltr'><strong>lacrimae</strong></span> <span class='ocrx_word' id='word_1_131' title='bbox 366 1700 459 1739; x_wconf 80' lang='lat' dir='ltr'><strong>caussa</strong></span> <span class='ocrx_word' id='word_1_132' title='bbox 469 1699 546 1754; x_wconf 85' lang='lat' dir='ltr'><strong>saepe</strong></span> <span class='ocrx_word' id='word_1_133' title='bbox 556 1681 651 1736; x_wconf 86' lang='lat' dir='ltr'><strong>latente</strong></span> <span class='ocrx_word' id='word_1_134' title='bbox 662 1681 715 1736; x_wconf 73' lang='lat' dir='ltr'><strong>cadi</strong></span> 
     </span>
     <span class='ocr_line' id='line_1_22' title="bbox 71 1756 715 1822; baseline -0.003 -10"><span class='ocrx_word' id='word_1_135' title='bbox 71 1771 109 1814; x_wconf 76' lang='grc'><strong>155</strong></span> <span class='ocrx_word' id='word_1_136' title='bbox 123 1759 157 1813; x_wconf 85' lang='lat' dir='ltr'><strong>Et</strong></span> <span class='ocrx_word' id='word_1_137' title='bbox 167 1758 257 1812; x_wconf 91' lang='lat' dir='ltr'><strong>minus</strong></span> <span class='ocrx_word' id='word_1_138' title='bbox 267 1757 389 1814; x_wconf 77' lang='lat' dir='ltr'><strong>audacter</strong></span> <span class='ocrx_word' id='word_1_139' title='bbox 401 1757 551 1822; x_wconf 83' lang='lat' dir='ltr'><strong>blanditur,</strong></span> <span class='ocrx_word' id='word_1_140' title='bbox 571 1765 597 1812; x_wconf 89' lang='lat' dir='ltr'><strong>et</strong></span> <span class='ocrx_word' id='word_1_141' title='bbox 606 1756 715 1812; x_wconf 87' lang='lat' dir='ltr'><strong>oscular</strong></span> 
     </span>
     <span class='ocr_line' id='line_1_23' title="bbox 162 1830 702 1902; baseline -0.006 -15"><span class='ocrx_word' id='word_1_142' title='bbox 162 1830 269 1902; x_wconf 84' lang='lat' dir='ltr'><strong>accipit.</strong></span> <span class='ocrx_word' id='word_1_143' title='bbox 289 1840 314 1886; x_wconf 92' lang='lat' dir='ltr'><strong>et</strong></span> <span class='ocrx_word' id='word_1_144' title='bbox 324 1832 417 1888; x_wconf 86' lang='lat' dir='ltr'><strong>timido</strong></span> <span class='ocrx_word' id='word_1_145' title='bbox 427 1850 469 1887; x_wconf 89' lang='lat' dir='ltr'><strong>me</strong></span> <span class='ocrx_word' id='word_1_146' title='bbox 479 1839 553 1888; x_wconf 87' lang='lat' dir='ltr'><strong>vocat</strong></span> <span class='ocrx_word' id='word_1_147' title='bbox 562 1849 606 1887; x_wconf 81' lang='lat' dir='ltr'><strong>cre</strong></span> <span class='ocrx_word' id='word_1_148' title='bbox 615 1849 702 1886; x_wconf 91' lang='lat' dir='ltr'><strong>suam.</strong></span> 
     </span>
     <span class='ocr_line' id='line_1_24' title="bbox 124 1905 715 1980; baseline -0.005 -18"><span class='ocrx_word' id='word_1_149' title='bbox 124 1909 177 1962; x_wconf 89' lang='lat' dir='ltr'><strong>Nec</strong></span> <span class='ocrx_word' id='word_1_150' title='bbox 187 1905 268 1961; x_wconf 90' lang='lat' dir='ltr'><strong>miror</strong></span> <span class='ocrx_word' id='word_1_151' title='bbox 277 1909 407 1975; x_wconf 87' lang='lat' dir='ltr'><strong>sensisse,</strong></span> <span class='ocrx_word' id='word_1_152' title='bbox 428 1907 497 1964; x_wconf 89' lang='lat' dir='ltr'><strong>notis</strong></span> <span class='ocrx_word' id='word_1_153' title='bbox 507 1924 594 1980; x_wconf 92' lang='lat' dir='ltr'><strong>quum</strong></span> <span class='ocrx_word' id='word_1_154' title='bbox 603 1906 715 1977; x_wconf 69' lang='lat' dir='ltr'><strong>prodar:</strong></span> 
     </span>
     <span class='ocr_line' id='line_1_25' title="bbox 161 1980 693 2055; baseline -0.004 -19"><span class='ocrx_word' id='word_1_155' title='bbox 161 1983 191 2036; x_wconf 82' lang='lat' dir='ltr'><strong>in</strong></span> <span class='ocrx_word' id='word_1_156' title='bbox 200 1980 323 2037; x_wconf 76' lang='lat' dir='ltr'><strong>dextrum</strong></span> <span class='ocrx_word' id='word_1_157' title='bbox 332 2001 436 2049; x_wconf 90' lang='lat' dir='ltr'><strong>versor,</strong></span> <span class='ocrx_word' id='word_1_158' title='bbox 457 2000 543 2055; x_wconf 89' lang='lat' dir='ltr'><strong>quum</strong></span> <span class='ocrx_word' id='word_1_159' title='bbox 553 1982 626 2036; x_wconf 90' lang='lat' dir='ltr'><strong>venit</strong></span> <span class='ocrx_word' id='word_1_160' title='bbox 634 1980 693 2047; x_wconf 85' lang='lat' dir='ltr'><strong>ille,</strong></span> 
     </span>
     <span class='ocr_line' id='line_1_26' title="bbox 125 2055 715 2129; baseline -0.002 -18"><span class='ocrx_word' id='word_1_161' title='bbox 125 2059 178 2111; x_wconf 91' lang='lat' dir='ltr'><strong>Nec</strong></span> <span class='ocrx_word' id='word_1_162' title='bbox 188 2055 296 2129; x_wconf 83' lang='lat' dir='ltr'><strong>loquor,</strong></span> <span class='ocrx_word' id='word_1_163' title='bbox 316 2067 342 2113; x_wconf 91' lang='lat' dir='ltr'><strong>et</strong></span> <span class='ocrx_word' id='word_1_164' title='bbox 350 2067 416 2114; x_wconf 83' lang='lat' dir='ltr'><strong>tecto</strong></span> <span class='ocrx_word' id='word_1_165' title='bbox 426 2057 568 2112; x_wconf 86' lang='lat' dir='ltr'><strong>simulatur</strong></span> <span class='ocrx_word' id='word_1_166' title='bbox 577 2055 680 2110; x_wconf 85' lang='lat' dir='ltr'><strong>iumine</strong></span> <span class='ocrx_word' id='word_1_167' title='bbox 689 2073 715 2111; x_wconf 89' lang='lat' dir='ltr'><strong>sc</strong></span> 
     </span>
     <span class='ocr_line' id='line_1_27' title="bbox 70 2133 682 2204; baseline -0.002 -18"><span class='ocrx_word' id='word_1_168' title='bbox 70 2144 109 2187; x_wconf 75' lang='lat'><strong>2⁰⁰</strong></span> <span class='ocrx_word' id='word_1_169' title='bbox 160 2140 308 2203; x_wconf 81' lang='lat' dir='ltr'><strong>captantem</strong></span> <span class='ocrx_word' id='word_1_170' title='bbox 317 2133 682 2204; x_wconf 83' lang='lat' dir='ltr'><strong>tactusreiicioquemanum.</strong></span> 
     </span>
     <span class='ocr_line' id='line_1_28' title="bbox 124 2207 715 2281; baseline -0.003 -20"><span class='ocrx_word' id='word_1_171' title='bbox 124 2208 252 2281; x_wconf 80' lang='lat' dir='ltr'><strong>ingemit,</strong></span> <span class='ocrx_word' id='word_1_172' title='bbox 273 2217 298 2263; x_wconf 87' lang='lat' dir='ltr'><strong>et</strong></span> <span class='ocrx_word' id='word_1_173' title='bbox 307 2209 384 2264; x_wconf 82' lang='lat' dir='ltr'><strong>tacito</strong></span> <span class='ocrx_word' id='word_1_174' title='bbox 394 2207 511 2279; x_wconf 87' lang='lat' dir='ltr'><strong>suspirat</strong></span> <span class='ocrx_word' id='word_1_175' title='bbox 520 2214 637 2277; x_wconf 86' lang='lat' dir='ltr'><strong>pectore:</strong></span> <span class='ocrx_word' id='word_1_176' title='bbox 658 2222 715 2276; x_wconf 86' lang='lat' dir='ltr'><strong>meq</strong></span> 
     </span>
     <span class='ocr_line' id='line_1_29' title="bbox 136 2281 715 2356; baseline -0.003 -20"><span class='ocrx_word' id='word_1_177' title='bbox 136 2331 138 2335; x_wconf 72' lang='grc'>,</span> <span class='ocrx_word' id='word_1_178' title='bbox 161 2281 302 2349; x_wconf 82' lang='lat' dir='ltr'><strong>offensam,</strong></span> <span class='ocrx_word' id='word_1_179' title='bbox 323 2283 447 2356; x_wconf 86' lang='lat' dir='ltr'><strong>quamvis</strong></span> <span class='ocrx_word' id='word_1_180' title='bbox 461 2301 514 2338; x_wconf 88' lang='lat' dir='ltr'><strong>non</strong></span> <span class='ocrx_word' id='word_1_181' title='bbox 524 2288 668 2345; x_wconf 90' lang='lat' dir='ltr'><strong>mereatur,</strong></span> <span class='ocrx_word' id='word_1_182' title='bbox 690 2281 715 2334; x_wconf 77' lang='lat' dir='ltr'><strong>ha</strong></span> 
     </span>
     <span class='ocr_line' id='line_1_30' title="bbox 126 2355 706 2430; baseline -0.002 -20"><span class='ocrx_word' id='word_1_183' title='bbox 126 2356 173 2410; x_wconf 87' lang='lat' dir='ltr'><strong>Hei</strong></span> <span class='ocrx_word' id='word_1_184' title='bbox 182 2358 266 2422; x_wconf 85' lang='lat' dir='ltr'><strong>mihi,</strong></span> <span class='ocrx_word' id='word_1_185' title='bbox 287 2357 360 2430; x_wconf 86' lang='lat' dir='ltr'><strong>qucd</strong></span> <span class='ocrx_word' id='word_1_186' title='bbox 368 2357 483 2430; x_wconf 77' lang='lat' dir='ltr'><strong>gaudes,</strong></span> <span class='ocrx_word' id='word_1_187' title='bbox 504 2365 529 2410; x_wconf 85' lang='lat' dir='ltr'><strong>et</strong></span> <span class='ocrx_word' id='word_1_188' title='bbox 539 2366 563 2409; x_wconf 86' lang='lat' dir='ltr'><strong>te</strong></span> <span class='ocrx_word' id='word_1_189' title='bbox 572 2357 646 2410; x_wconf 88' lang='lat' dir='ltr'><strong>iuvat</strong></span> <span class='ocrx_word' id='word_1_190' title='bbox 655 2355 706 2409; x_wconf 89' lang='lat' dir='ltr'><strong>ista</strong></span> 
     </span>
     <span class='ocr_line' id='line_1_31' title="bbox 162 2429 709 2504; baseline -0.004 -20"><span class='ocrx_word' id='word_1_191' title='bbox 162 2431 208 2484; x_wconf 86' lang='lat' dir='ltr'><strong>Hei</strong></span> <span class='ocrx_word' id='word_1_192' title='bbox 219 2431 300 2497; x_wconf 88' lang='lat' dir='ltr'><strong>mihi,</strong></span> <span class='ocrx_word' id='word_1_193' title='bbox 321 2431 394 2504; x_wconf 86' lang='lat' dir='ltr'><strong>qucd</strong></span> <span class='ocrx_word' id='word_1_194' title='bbox 404 2449 499 2486; x_wconf 88' lang='lat' dir='ltr'><strong>sensus</strong></span> <span class='ocrx_word' id='word_1_195' title='bbox 508 2448 571 2485; x_wconf 90' lang='lat' dir='ltr'><strong>sum</strong></span> <span class='ocrx_word' id='word_1_196' title='bbox 580 2429 709 2483; x_wconf 78' lang='lat' dir='ltr'><strong>tibiiassa</strong></span> 
     </span>
     <span class='ocr_line' id='line_1_32' title="bbox 60 2502 715 2584; baseline -0.015 -24"><span class='ocrx_word' id='word_1_197' title='bbox 60 2517 104 2561; x_wconf 78' lang='lat'><strong>205</strong></span> <span class='ocrx_word' id='word_1_198' title='bbox 116 2504 150 2562; x_wconf 75' lang='lat'><strong>51·</strong></span> <span class='ocrx_word' id='word_1_199' title='bbox 155 2507 227 2564; x_wconf 76' lang='lat' dir='ltr'><strong>midi</strong></span> <span class='ocrx_word' id='word_1_200' title='bbox 236 2506 333 2584; x_wconf 71' lang='lat' dir='ltr'><strong>lingua</strong></span> <span class='ocrx_word' id='word_1_201' title='bbox 344 2506 427 2575; x_wconf 82' lang='lat' dir='ltr'><strong>soret,</strong></span> <span class='ocrx_word' id='word_1_202' title='bbox 446 2515 479 2562; x_wconf 88' lang='lat' dir='ltr'><strong>tu</strong></span> <span class='ocrx_word' id='word_1_203' title='bbox 488 2502 715 2560; x_wconf 76' lang='lat' dir='ltr'><strong>nostraiust&#39;ms&#39;u</strong></span> 
     </span>
    </p>
   </div>
   <div class='ocr_carea' id='block_1_3' title="bbox 144 2568 715 2662">
    <p class='ocr_par' dir='ltr' id='par_1_3' title="bbox 144 2568 715 2662">
     <span class='ocr_line' id='line_1_33' title="bbox 144 2568 715 2662; baseline -0.047 -15"><span class='ocrx_word' id='word_1_204' title='bbox 144 2587 199 2662; x_wconf 85' lang='lat' dir='ltr'><strong>qui</strong></span> <span class='ocrx_word' id='word_1_205' title='bbox 206 2568 287 2645; x_wconf 80' lang='lat' dir='ltr'><strong>mihi</strong></span> <span class='ocrx_word' id='word_1_206' title='bbox 292 2586 432 2647; x_wconf 89' lang='lat' dir='ltr'><strong>tendebas</strong></span> <span class='ocrx_word' id='word_1_207' title='bbox 442 2582 530 2644; x_wconf 80' lang='lat' dir='ltr'><strong>retia,</strong></span> <span class='ocrx_word' id='word_1_208' title='bbox 549 2578 658 2656; x_wconf 69' lang='lat' dir='ltr'><strong>dignus</strong></span> <span class='ocrx_word' id='word_1_209' title='bbox 665 2586 715 2624; x_wconf 76' lang='lat' dir='ltr'><strong>era</strong></span> 
     </span>
    </p>
   </div>
   <div class='ocr_carea' id='block_1_4' title="bbox 94 2650 715 2739">
    <p class='ocr_par' dir='ltr' id='par_1_4' title="bbox 94 2650 715 2739">
     <span class='ocr_line' id='line_1_34' title="bbox 94 2650 715 2739; baseline -0.053 -15"><span class='ocrx_word' id='word_1_210' title='bbox 94 2661 219 2739; x_wconf 75' lang='lat' dir='ltr'><strong>Scribis,</strong></span> <span class='ocrx_word' id='word_1_211' title='bbox 248 2650 715 2728; x_wconf 74' lang='lat' dir='ltr'><strong>utinvalidumticeattibrursen</strong></span> 
     </span>
    </p>
   </div>
   <div class='ocr_carea' id='block_1_5' title="bbox 0 0 891 2992">
    <p class='ocr_par' dir='ltr' id='par_1_5' title="bbox 0 0 891 2992">
     <span class='ocr_line' id='line_1_35' title="bbox 0 0 891 2992; baseline 0 0"><span class='ocrx_word' id='word_1_212' title='bbox 0 0 891 2992; x_wconf 95' lang='lat' dir='ltr'><strong> </strong></span> 
     </span>
    </p>
   </div>
   <div class='ocr_carea' id='block_1_6' title="bbox 38 2894 135 2908">
    <p class='ocr_par' dir='ltr' id='par_1_6' title="bbox 38 2894 135 2908">
     <span class='ocr_line' id='line_1_36' title="bbox 38 2894 135 2908; baseline -0.021 1"><span class='ocrx_word' id='word_1_213' title='bbox 38 2894 135 2908; x_wconf 61' lang='lat'><strong>⁴-</strong></span> 
     </span>
    </p>
   </div>
  </div>
 </body>
</html>
