1770 2992
165 168 215 220 268
355 172 383 216 P.
405 170 532 217 ov11>11
549 172 720 220 NASONIS

203 269 274 327 nuda
284 270 328 336 sit,
348 269 641 344 alaevaoonspicienda
650 289 745 328 manu.

165 345 433 474 Iloovospraeoizue,
455 345 556 412 niveae,
575 345 660 401 donet.
689 342 852 409 llooubiridi,

112 433 150 476 ero
202 419 368 477 osculalerre
397 437 497 486 umero,
517 427 662 495 quapatat,
684 420 835 497 usquelibet.

165 496 281 552 Monstra
292 494 373 549 maris
386 494 491 550 Sirenes
501 501 588 549 erant:
610 512 682 571 quae
691 513 755 553 vooe
765 511 840 551 moon

203 569 349 643 quamlibet
361 568 492 624 admissas
500 569 638 625 detinuere
647 576 728 626 rates.

165 647 213 700 His
222 662 270 699 sua
280 642 436 719 Sisyphides
445 643 542 701 auditis
552 661 637 715 paone
645 644 755 702 resolvit

203 735 320 789 oorpora.
350 718 418 772 Nam
430 718 509 775 sociis
519 716 586 773 illita
594 735 654 774 cera
664 717 728 776 luit.

113 805 151 849 333
166 795 216 849 Res
226 800 265 846 est
273 790 371 847 blanda
380 808 474 849 canor:
494 792 598 847 discant
606 800 716 850 motare
723 791 824 869 puellae.

202 867 253 921 Pro
264 864 329 920 facie
339 865 432 921 multis
441 884 494 922 vox
506 884 555 921 sua
564 865 624 923 lena
634 866 696 924 fnit.

164 941 199 995 Et
208 940 286 995 modo
295 942 450 997 marmoreis
459 939 572 996 referant
580 941 670 998 audita
680 943 800 1015 theatris;

203 1023 229 1069 et
237 1015 316 1072 modo
326 1014 435 1071 Niliacis
445 1015 563 1072 carmina
572 1014 633 1071 lusa
643 1016 743 1074 modis.

165 1091 219 1146 Neo
227 1089 356 1162 pleotmm
366 1090 471 1156 dextra,
492 1090 620 1147 citharam
630 1091 845 1149 nouisseainistn

113 1177 150 1221 32⁰
202 1165 301 1221 neseiat
310 1165 417 1221 arbitrio
427 1165 525 1221 femina
535 1164 610 1221 docta
618 1182 689 1223 meo.

166 1240 234 1296 Saxa
244 1240 366 1312 feraeque
375 1238 432 1314 lyra
441 1240 525 1295 movit
536 1238 709 1313 Rhodopeius
722 1240 839 1317 Orpbeus.

203 1315 392 1387 Tartareosque
401 1313 489 1380 lacus,
509 1314 839 1391 tergeminumqoecaoem.

167 1390 236 1446 Saxa
245 1398 291 1446 tuo
300 1397 388 1454 cantu,
409 1388 509 1444 vindex
517 1389 667 1447 iustissimo
675 1392 778 1457 matris,

203 1463 651 1521 feceruntmurosofsrciosanovos.
795 1516 799 1523 .

113 1551 152 1594 303
166 1538 295 1606 Quamvis
305 1548 397 1596 mutus
407 1546 475 1605 orat,
495 1538 780 1615 recitavisseputaur
871 1572 876 1585 ·

203 1615 294 1687 piscis,
313 1612 534 1671 Arioniaelabula
545 1612 624 1670 natal
644 1632 698 1672 rae.

167 1690 242 1744 Disce
251 1690 330 1745 etiam
339 1688 438 1763 duplici
449 1686 563 1764 genialia
572 1633 662 1746 naina
708 1689 763 1749 lma
869 1740 874 1751 .

204 1781 321 1818 verrere:
342 1765 505 1821 eonveniunt
513 1762 638 1819 dulcibus
647 1764 666 1820 il
679 1765 779 1823 aionis.

167 1835 207 1890 Sit
216 1837 263 1891 tibi
274 1836 439 1903 Callimachi,
461 1840 496 1894 sit
506 1839 551 1895 Coi
562 1846 623 1895 nota
631 1843 733 1913 poetae,

114 1922 152 1965 330
204 1910 240 1964 sit
248 1927 356 1983 quoquo
366 1912 454 1968 vinosi
464 1915 527 1971 Teia
536 1915 612 1970 Musa
625 1915 713 1971 senis:

167 1993 228 2042 nota
238 1986 273 2039 sit
281 1992 306 2040 et
315 1985 435 2058 Sappho:
456 1988 523 2061 quid
532 1988 603 2044 enim
617 1988 746 2047 lascivius
755 1986 814 2047 illa?

204 2060 281 2116 cuive
289 2068 362 2134 pater
371 2061 437 2118 vafri
447 2061 549 2118 luditur
558 2070 612 2118 arte
622 2064 716 2121 Getae:

168 2144 193 2191 et
201 2137 283 2192 teneri
293 2138 380 2210 possis
388 2156 494 2193 carmen
506 2136 602 2213 legisse
611 2139 745 2211 Properti:

205 2214 261 2268 sive
271 2212 373 2286 aliquid
382 2213 461 2279 Galli,
483 2213 549 2278 sive,
569 2212 685 2279 Tibulle,
705 2221 796 2271 tuum:

115 2297 154 2340 335
168 2286 290 2359 dictaque
296 2289 408 2345 Varroni
418 2288 500 2344 fulvis
509 2287 626 2363 insignia
634 2287 709 2345 vittis

205 2361 311 2427 vellera,
332 2381 482 2436 germanae,
501 2363 616 2438 Phryxe,
637 2362 772 2438 querenda
783 2369 845 2415 tuae:

169 2441 194 2488 et
201 2433 346 2508 profugum
356 2437 471 2503 Aenean,
493 2436 558 2492 altae
567 2438 713 2509 primordia
722 2439 826 2494 Romae:

206 2525 260 2580 quo
270 2508 376 2564 nullum
386 2511 460 2567 Latio
470 2510 566 2566 olarios
575 2519 646 2567 extat
655 2529 734 2584 opus.

169 2583 289 2638 Forsitan
300 2591 325 2637 et
336 2592 456 2640 nostrum
466 2603 561 2642 nomen
572 2588 727 2643 miscebitur
736 2586 805 2653 istis;

108 2664 151 2712 sto
200 2677 251 2719 nec
260 2677 321 2719 mea
331 2659 456 2719 Lethaeis
464 2661 705 2735 serintababuntur
715 2660 805 2730 amris&
