1770 2992
168 140 217 192 {58
356 144 384 189 P.
405 142 531 189 ovum
548 142 723 191 amoma

166 243 249 302 Crede
260 243 342 309 mihi,
362 240 432 299 nulli
440 248 504 297 sunt
512 242 623 299 crimina
633 252 713 316 grata
721 244 792 299 mari

204 336 253 374 nec
261 334 441 391 quemquam,
461 317 587 389 quamvis
596 318 691 373 audiat
698 318 761 387 illa,
781 320 798 375 ἰι

166 394 219 449 Seu
230 400 311 466 tepet,
331 392 463 449 indicium
472 408 579 447 securas
590 391 686 465 prodis
694 392 731 451 ad
740 410 802 451 aura

204 468 355 535 sivaamat‚
374 465 462 523 officio
469 466 501 523 fit
509 466 591 523 missa
600 464 646 523 ills
655 474 714 527 tuo.

113 556 139 599 bs
168 542 252 615 Culpa
263 561 311 598 neo
322 560 356 597 ex
368 540 453 608 facili,
468 542 595 614 quamvis
602 542 763 611 manifesta.
779 560 810 617 pr

205 618 303 673 Iudicis
312 616 358 672 illa
366 615 410 671 sui
420 624 476 673 tuta
488 616 578 675 favore
586 616 671 675 venit.

167 693 269 751 Viderit
277 692 335 765 ipss
344 691 419 758 lioet3
439 691 527 749 credet
536 700 625 749 tamen
633 690 681 749 illa
782 694 812 760 ti,

205 763 508 839 damnahitqusoculos‚
529 767 710 825 etaibiverhn
738 768 805 825 abit.

168 839 581 914 Adspicietdominaslacrimas;
602 842 722 914 plorabit
730 844 825 917 etipse

115 928 140 971 sa
205 916 322 984 adisset,
342 918 442 973 Poenas
453 916 579 989 garrulus
588 916 639 973 ista
646 916 734 973 dabit.

170 991 224 1048 Cur
232 990 323 1063 dispar
335 1000 467 1047 certamen
477 990 549 1048 inis?
576 992 637 1049 Tibi
645 993 759 1049 verbera
770 994 839 1051 victa

206 1065 318 1123 adsunt:
339 1064 479 1141 ingramio
486 1066 584 1125 iudicis
592 1065 638 1123 illa
647 1066 732 1125 sedat.

169 1142 228 1197 Non
239 1142 327 1198 scelus
335 1140 519 1216 aggredimur:
541 1141 849 1201 nonadmisoendaoein

208 1217 307 1273 toxica:
328 1234 382 1273 non
391 1217 482 1273 stricto
491 1215 617 1274 fulminat
626 1234 690 1273 susa
699 1235 815 1275 manus:

117 1305 142 1347 ⁶5
170 1293 340 1366 quaerimus,
359 1298 391 1347 ut
399 1298 456 1347 tuto
464 1292 691 1364 pertspossimus
704 1311 807 1349 amam.

208 1368 280 1437 Quid
288 1366 413 1441 precibus
422 1368 521 1423 nostris
530 1366 821 1441 molliusessspotest?

371 1536 614 1594 ELEGIA
660 1536 722 1593 111.

46 1704 49 1725 ,
171 1652 228 1715 Hei
247 1658 328 1726 mihi,
349 1659 422 1733 quod
438 1656 589 1725 dominam,
609 1673 659 1715 nso
676 1655 720 1713 vir
740 1674 789 1717 aas
808 1657 875 1715 semis

647 1748 751 1801 servas,

210 1815 305 1863 mutua
315 1826 363 1863 neo
371 1809 482 1866 Veneris
491 1806 590 1883 gaudia
599 1823 679 1863 nossa
688 1809 781 1880 potes!

173 1881 225 1949 Qui
235 1881 340 1953 primus
349 1883 441 1954 pueris
450 1882 575 1958 genitalia
584 1881 705 1939 membra
716 1882 820 1951 recidit.

209 1955 335 2024 vulnera,
357 1957 509 2029 quaeiscit‚
530 1958 622 2014 debuit
630 1957 689 2030 ipss
697 1958 764 2031 pati.

119 2046 131 2087 s
172 2031 260 2090 Mollis
270 2032 298 2087 in
311 2031 471 2104 obsequium
480 2032 618 2106 facilisque
627 2033 869 2107 rogantibusm

211 2108 235 2163 si
245 2115 308 2165 tuus
318 2108 347 2164 in
357 2108 454 2182 quavis
463 2108 656 2182 praetepuisset
667 2126 753 2166 amor.

174 2184 233 2240 Non
244 2192 273 2240 tu
283 2193 361 2241 natus
372 2202 455 2259 equo,
476 2201 531 2240 non
540 2182 654 2240 fortibus
663 2184 739 2241 utilis
752 2182 846 2241 umis:

211 2259 304 2316 bellica
314 2279 367 2317 non
377 2260 483 2317 dextrae
491 2259 615 2317 convenit
623 2258 698 2317 hasta
707 2266 779 2317 tuae.

175 2333 227 2387 Ista
236 2352 322 2390 mares
332 2344 457 2392 tractant:
479 2343 579 2407 tuspes
592 2332 694 2407 depone
703 2332 804 2393 viriles.

122 2420 148 2464 ιο
213 2406 280 2463 Sunt
291 2411 338 2465 tibi
347 2429 410 2466 curn
420 2410 528 2466 domina
537 2409 615 2484 signa
624 2408 732 2465 ferenda
740 2419 796 2466 tua.

176 2483 465 2555 Hancimplemeritis:
486 2484 570 2540 huius
579 2484 628 2540 tibi
637 2484 723 2559 gratia
732 2484 823 2558 prosit.

214 2558 242 2614 Si
253 2575 342 2614 careas
352 2558 413 2626 illa,
434 2559 497 2631 quis
509 2567 572 2616 tuus
582 2577 649 2615 usus
658 2559 726 2615 erit?

176 2633 224 2689 Est
234 2633 311 2689 etiam
322 2633 414 2701 facies,
436 2642 499 2693 sunt
508 2635 563 2709 apti
573 2634 677 2691 lusibus
689 2636 762 2693 anni.
874 2705 875 2708 Ἴ
