1770 2992
176 118 225 170 304
356 122 386 168 Ρ.
412 121 540 167 ovum
557 121 729 169 NASONIS

174 225 233 278 Non
243 219 318 276 facile
327 230 367 276 est
375 229 481 277 taurum
492 221 549 276 vise
559 220 673 276 retinere
681 221 808 279 iuvenee:

213 296 287 351 fortis
297 313 384 367 equus
392 296 466 351 visae
473 312 578 368 semper
588 295 715 352 adhinnit
726 314 815 370 equae.

122 386 160 429 665
175 373 243 427 Haeo
255 371 302 426 ubi
312 369 486 442 praestiteris,
506 378 537 426 ut
545 369 652 426 tandem
664 370 753 429 littere
762 381 854 446 tangre,

213 464 266 501 non
276 446 362 517 ipsam
372 445 437 500 setis
446 453 487 500 eet
495 444 645 501 deseruisse
654 445 716 502 tibi.

175 523 209 576 Et
219 539 301 585 soror,
322 527 348 574 et
357 528 440 575 meter
452 519 566 585 valeant,
587 527 613 574 et
622 520 732 576 oonseie
741 521 839 577 nutrix:

213 604 239 650 et
248 595 374 667 quisquis
383 593 507 651 deminae
518 610 580 666 pare
589 594 640 648 erit
649 593 705 650 ulle
715 603 785 651 turre.

177 669 443 734 Necvenieteervus,
464 685 514 724 nee
522 667 588 724 flens
600 668 728 725 ancillula
737 670 824 727 fictum

123 756 162 803 tto
212 743 366 815 suppliciter
374 743 497 799 deminae
506 743 614 799 nemine
622 741 704 812 dicet,
725 745 790 801 Ave.

177 821 244 885 Nee,
265 818 288 872 si
298 817 366 873 scire
374 816 456 884 voles,
479 817 546 890 quid
555 825 616 891 eget
627 825 719 875 temen
729 819 784 885 ille,
803 817 885 892 regri*

214 891 315 947 Perfer:
336 892 386 946 erit
396 890 570 967 lucrolingue
581 900 753 950 retentesuo.

177 969 217 1022 Tu
227 983 349 1039 quoque,
369 967 418 1039 qui
427 984 550 1023 caussam
560 967 628 1023 finiti
639 967 729 1023 reddis
738 968 839 1032 amoris,

213 1042 300 1114 deque
310 1041 471 1099 widemire
481 1041 565 1097 multa
574 1041 813 1114 querendereiere3

124 1126 162 1173 645
176 1135 253 1189 perce
263 1117 353 1191 queri:
374 1115 470 1172 meiius
480 1116 690 1173 sieteulcieeere
699 1117 820 1185 taeende;

213 1192 279 1247 dum
289 1191 426 1246 desideriis
436 1190 525 1246 effluet
533 1190 579 1245 ille
588 1191 654 1247 tuis.

176 1267 310 1323 Etmeiim
322 1273 419 1331 tacere,
440 1283 522 1336 quam
532 1273 557 1321 te
568 1265 807 1340 desisselorprris.
838 1301 841 1306 -

214 1341 267 1408 Qui
277 1341 392 1396 nimium
401 1339 503 1405 multis,
524 1341 583 1397 Non
593 1358 664 1407 emo,
684 1341 764 1411 dieit3
784 1349 856 1397 emet.

118 1440 122 1449 ¹
177 1415 345 1471 Sedmeliore
354 1414 405 1470 fide
414 1415 543 1487 paulatim
555 1415 724 1491 extinguitur
733 1417 813 1490 ignis,

124 1505 163 1547 656
214 1491 405 1563 quemsuhite.
435 1490 515 1547 Lente
525 1489 630 1560 desine;
651 1498 727 1547 tutus
737 1493 799 1547 eris.

178 1565 302 1621 Flumine
310 1573 437 1638 perpetuo
445 1572 546 1620 torrens
555 1563 621 1621 solet
630 1563 711 1620 eitius
724 1566 779 1635 ire;

215 1640 262 1695 sed
270 1648 359 1697 temen
370 1641 434 1696 haec
443 1639 533 1696 brevis
542 1647 591 1702 est,
612 1639 659 1695 ilia
667 1642 794 1712 perennis
805 1656 872 1712 eque·

178 1714 271 1781 Fallat,
292 1727 317 1770 et
327 1715 355 1770 in
364 1723 457 1770 tenues
467 1714 596 1770 evanidus
606 1722 682 1769 exeat
691 1733 781 1782 auras,

215 1807 315 1860 perque
357 1791 423 1845 edus
436 1788 529 1845 molles
540 1790 684 1844 emoriatur
694 1807 779 1846 emor.

125 1876 163 1917 655
177 1863 316 1919 Sedmodo
345 1862 448 1918 ilectem
457 1863 833 1936 seelusestodiesepuellem:

215 1938 302 1991 exitus
312 1937 427 2009 ingeniis
437 1939 560 1994 convenit
569 1939 619 1993 iste
630 1937 703 1995 feris.

180 2012 246 2088 [Non
258 2029 350 2066 curare
360 2020 400 2066 set
409 2020 458 2067 est.
487 2012 554 2068 Odio
565 2013 613 2085 qui
621 2013 682 2068 finit
691 2031 819 2077 amorem,

216 2094 355 2152 eutamet,
376 2097 422 2141 eut
431 2104 508 2160 aegre
517 2088 619 2144 desinet
631 2105 691 2143 esee
700 2087 804 2164 minen]

180 2164 277 2235 Turpe,
289 2162 331 2217 vir
340 2171 366 2218 et
375 2159 482 2228 mulier,
493 2162 576 2217 iuncti
585 2163 674 2229 modo,
684 2166 809 2234 protinus
819 2163 865 2218 hos
879 2183 885 2207 'r

126 2250 164 2293 666
217 2257 271 2295 non
281 2239 345 2292 istas
356 2237 414 2292 lites
423 2236 524 2309 Appias
534 2237 592 2308 ipse
601 2238 705 2309 probet.

179 2312 261 2383 Saepe
270 2331 327 2366 reas
337 2311 450 2378 faciunt,
471 2319 497 2367 et
506 2319 605 2367 ament.
634 2312 686 2368 Ubi
697 2311 772 2369 nulle
782 2310 862 2368 simui
877 2333 880 2356 ε

218 2386 319 2450 incidit,
339 2387 477 2442 admonitu
487 2385 553 2441 liber
562 2387 665 2441 aberrat
673 2405 759 2443 emor.

180 2461 256 2515 Forte
268 2459 374 2519 ederam
387 2460 493 2516 iuveni:
514 2460 649 2517 dominam
660 2461 751 2518 lectica
761 2461 877 2517 tenebat:

217 2534 359 2589 horrebant
366 2535 453 2589 saevis
463 2535 552 2591 omnia
563 2536 642 2591 verba
655 2537 749 2592 minis.

126 2620 165 2663 665
178 2608 455 2683 iamquevedaturus,
476 2610 577 2665 Lectica
587 2611 709 2682 prodeat:
731 2612 831 2684 inquit.
