1770 2992
121 136 169 191 472
305 143 335 187 P.
356 139 483 189 ovum
499 140 668 189 maome

65 256 91 297 ¹5
119 244 173 297 Nec
184 257 276 296 casum
285 239 390 296 fortuna
402 240 469 295 meis
483 239 632 296 immiscuit
643 242 715 297 actis.

156 314 298 381 Hueades‚
317 320 501 387 neurapnrte,
521 314 683 388 Triumphe,
702 332 761 371 mer.

119 392 173 447 Nec
182 388 245 444 belli
255 397 295 445 est
304 407 372 445 nova
381 406 475 445 caussa
487 388 551 444 mei.
583 390 644 445 Nisi
652 399 724 463 rapta
732 389 804 445 fuant

156 460 301 539 Tyndaris,
320 463 441 535 Europae
448 462 577 535 paxAsia
631 464 726 521 aieret.

120 540 230 595 Femina
238 538 371 594 silvestres
378 537 515 610 Lapithas,
525 556 599 611 popu
611 538 822 613 unquentum·

66 626 91 671 20
155 614 266 687 turpiter
275 613 394 685 apposito
403 612 482 669 vertit
490 612 520 669 in
529 631 603 670 arma
612 632 695 671 meu.

121 689 230 745 Femina
240 688 366 744 Troianos
378 688 475 743 iterum
485 686 540 742 fera
551 687 623 745 bella
631 706 735 747 movere
831 732 836 737 .

156 760 265 835 impulit
273 762 301 817 in
313 779 408 848 ragno,
428 762 498 817 iuste
507 762 614 831 Latine,
634 771 691 820 tuo.

120 838 229 897 Femina
239 837 379 903 Romams,
399 836 552 892 etiamnunc
560 836 631 893 Urbe
639 838 744 905 recenti,

157 911 269 966 immisit
278 928 394 976 soceros,
416 927 543 983 armaque
551 929 630 969 saeva
638 913 718 968 dedit.

67 998 92 1040 25
119 985 179 1044 Vidi
189 1003 238 1059 ego
245 1002 294 1057 pro
303 987 380 1042 nivea
389 994 539 1060 pugnantes
548 986 662 1061 coniuge
671 995 768 1044 tauros:

156 1060 297 1131 spectatrix
308 1060 411 1115 animos
421 1060 479 1132 ipsa
488 1060 601 1117 iuvenca
609 1060 699 1118 debat.

120 1135 162 1192 Me
171 1151 348 1207 quoqueeum
358 1132 460 1201 multis,
480 1134 647 1191 sedmesine
656 1136 742 1205 caede,
753 1126 826 1203 Cupido

157 1209 236 1265 iussit
248 1209 357 1265 militias
366 1209 444 1283 signa
452 1227 558 1281 movere
566 1227 641 1267 sune.

300 1384 539 1443 ELEGIA
582 1384 681 1443 xm.

120 1500 199 1564 Dum
208 1507 344 1564 labefactat
352 1492 421 1564 onus
429 1505 533 1581 gravidi
541 1506 678 1563 temeraria
687 1507 789 1570 ventris.
848 1532 850 1539 ·

157 1584 186 1638 in
196 1582 277 1639 dubio
287 1584 355 1639 vitae
366 1581 435 1637 lassa
444 1581 559 1637 Corinna
568 1582 643 1638 iacet.
744 1628 749 1637 .

119 1656 300 1730 lllaquidem,
321 1657 388 1712 elam
399 1663 555 1712 metantum
564 1656 655 1711 molita
662 1654 763 1729 periali,
813 1707 816 1713 .

157 1732 196 1786 ira
204 1730 285 1804 digna
295 1749 353 1787 mea
362 1740 416 1788 est:
437 1731 483 1787 sed
492 1730 608 1786 caditira
621 1740 705 1787 metu.
790 1782 794 1789 .

67 1817 79 1860 5
120 1805 171 1862 Sed
180 1813 267 1859 tamen
278 1813 324 1860 aut
335 1824 369 1860 ex
379 1824 421 1861 me
429 1813 595 1878 conceperat,
616 1804 805 1881 autego'eredo.

156 1880 204 1933 Est
213 1878 279 1932 mihi
288 1896 337 1950 pro
349 1878 416 1937 facte
425 1898 517 1953 saepe,
538 1878 776 1954 quodessepotest.

119 1954 169 2018 lsi,
192 1953 374 2009 Paraetonium
384 1955 551 2029 genialiaque
563 1972 627 2012 arva
640 1950 752 2029 Canopi

156 2046 225 2102 qnae
233 2027 307 2095 eolis,
318 2036 344 2083 et
353 2030 500 2102 Memphin,
510 2028 731 2104 palmiferamque
740 2030 837 2087 runnu

120 2121 227 2177 quaque
253 2103 321 2160 celer
331 2103 383 2162 late
392 2104 470 2161 Nilus
480 2104 605 2178 delapsus
617 2105 646 2160 in
655 2104 733 2163 alveo

67 2190 92 2231 10
156 2197 203 2251 per
216 2187 315 2253 septem
324 2188 415 2253 portus
426 2181 454 2236 in
464 2181 546 2236 maris
555 2180 610 2236 exit
621 2197 721 2253 aquas3

120 2271 166 2325 per
176 2262 221 2311 tua
234 2257 312 2311 sistra
324 2273 430 2329 precor,
450 2272 498 2326 per
509 2253 643 2310 Anubidis
653 2273 698 2311 ora
708 2250 821 2313 verendi:

157 2328 201 2383 sio
208 2336 254 2384 tua
266 2348 338 2385 sacra
348 2331 410 2402 pius
420 2346 524 2402 semper
532 2328 617 2385 Osiris
627 2337 707 2396 amet,

121 2403 249 2476 pigraque
259 2401 361 2457 labatur
370 2404 471 2458 circum
481 2404 588 2460 donaria
597 2421 718 2477 serpens,

158 2483 278 2531 etcomes
287 2477 315 2530 in
324 2493 421 2548 pompa
434 2480 553 2553 corniger
564 2477 631 2550 Apis
645 2487 700 2534 eat:

69 2563 93 2604 15
121 2551 174 2606 hnc
183 2549 279 2605 adhibe
288 2550 393 2615 vultus,
416 2558 441 2605 et
451 2551 479 2606 in
488 2571 543 2608 una
552 2570 629 2626 parce
638 2553 754 2609 duobus.

158 2627 226 2681 Nam
236 2624 318 2681 vitam
331 2624 452 2680 dominae
462 2633 492 2680 tu
504 2626 597 2692 dahis„
613 2626 660 2681 illa
669 2628 748 2683 mihi.

51 2882 156 2908 A
