1770 2992
118 154 168 207 282
308 159 337 203 Ρ.
359 156 485 204 0v1n11
502 157 671 204 NASONIS

118 260 172 314 Hoc
190 273 306 330 quoque,
328 275 382 329 qua
400 257 504 329 patiena
516 264 596 331 caput
608 264 662 327 est;
683 258 789 329 animusq

615 349 644 386 es
683 350 699 388 e

154 414 288 462 constent:
309 422 366 471 nee,
386 422 455 477 quae
464 404 519 461 sint
526 331 728 481 sinffinqlina
739 404 789 461 ride

64 493 103 536 tes
119 482 207 553 Turpe
217 482 304 536 iacens
313 478 419 545 mulier,
441 479 526 535 multe
534 480 680 536 madefacta
690 483 779 555 Lyaeo:

155 557 237 630 digna
245 562 285 610 est
293 554 449 610 concubitus
457 553 592 626 quoslibet
601 555 648 610 illa
656 556 720 628 pati.

119 633 173 686 Nee
185 647 279 686 somne
287 636 374 684 tutum
384 635 423 684 est
432 628 519 701 posita
531 630 706 686 succumbere
714 645 789 685 mense

154 722 201 776 per
211 721 318 760 somnos
328 703 384 757 fieri
395 703 478 758 multa
485 702 613 776 pudenda
622 704 715 761 solent.

119 778 245 834 Ulteriora
254 776 335 848 pudet
343 777 479 833 docuisse:
499 777 546 833 sed
556 777 627 833 alma
637 781 727 846 Dione,

65 864 103 907 tte
156 852 297 923 Praecipue
305 859 427 907 nostrum
436 853 564 925 estquod
573 854 763 928 pudetinquit,
772 869 789 922 ⁰l

119 928 184 982 Nota
194 927 246 981 sibi
255 926 291 980 sit
299 942 436 999 quaeque:
456 927 548 983 modos
562 929 596 983 ad
606 947 714 1002 corpora
724 935 789 984 certor

156 1001 263 1056 sumite.
284 1002 696 1076 Nonomnesunafiguradecet.

119 1074 192 1143 Quae
205 1075 271 1131 lacie
280 1076 428 1150 praesignis
437 1076 499 1143 eris,
520 1078 648 1149 resupina
658 1080 748 1135 iacete':

156 1159 286 1223 spectetur
296 1158 381 1224 tergo,
402 1152 446 1205 cui
456 1158 586 1225 auaterga
596 1152 710 1224 placent.

67 1237 104 1278 775
119 1225 246 1282 Milanion
255 1225 374 1281 humeris
384 1223 517 1280 Atalantes
527 1243 605 1281 crura
618 1225 728 1282 ferebat:

155 1301 339 1367 eibonasunt‚
359 1299 409 1354 hcc
418 1307 481 1354 sunt
490 1300 660 1373 adspicienda
670 1303 751 1359 modo.

120 1377 202 1432 Parva
216 1376 327 1433 vehatur
339 1391 423 1448 eque:
444 1374 584 1447 quoderat
598 1374 761 1451 longissima,
776 1391 789 1427 n

594 1468 679 1523 quam

157 1526 270 1581 Thebais
278 1527 400 1581 Hectoreo
409 1531 492 1597 nupta
502 1524 598 1580 resedit
607 1543 687 1599 equo,

120 1599 203 1655 Strata
212 1609 314 1672 premat
321 1600 445 1729 penihus‚
466 1598 589 1671 paullum
598 1602 701 1656 cervice
709 1599 789 1656 rellera

66 1684 105 1726 780
156 1674 254 1730 femina
263 1693 310 1747 per
330 1693 431 1749 ongum
441 1674 627 1746 conspicienda
638 1675 717 1731 latus.

44 1812 46 1819 ⁴
121 1747 170 1802 Cui
179 1748 309 1804 lemurest
319 1750 742 1822 iuvenile,earentquequeeeterr
750 1765 789 1802 met

156 1838 259 1892 semper
268 1823 296 1877 in
307 1824 417 1896 oblique
429 1823 488 1879 lusa
498 1824 533 1879 eit
544 1823 590 1878 illa
600 1832 666 1881 tero.

119 1897 172 1950 Nec
182 1895 229 1949 tibi
240 1903 317 1968 turpe
326 1906 390 1968 puta
400 1899 511 1965 crinem,
531 1905 562 1953 ut
569 1899 692 1974 Phylleia
701 1907 785 1960 mater,

156 1969 269 2026 solvere:
291 1978 316 2024 et
325 1971 416 2026 effusis
426 1973 492 2028 cella
502 1973 602 2029 reflecte
611 1976 705 2030 comis.

65 2058 105 2100 385
120 2048 159 2103 Tu
169 2063 290 2120 quoque,
309 2046 354 2101 cui
363 2048 438 2121 rugis
447 2055 554 2103 uterum
562 2049 665 2104 Lucina
675 2050 777 2110 notavit,

156 2131 187 2179 ut
195 2122 263 2179 celer
271 2122 371 2178 aversis
379 2131 452 2178 utere
461 2124 574 2178 Parthus
583 2124 671 2196 equis.

120 2199 191 2254 Mille
203 2199 275 2255 modi
284 2199 402 2255 Veneris.
431 2197 550 2269 Simplex
559 2199 720 2270 minimique
733 2197 789 2252 laha]

156 2292 241 2346 quum
252 2275 317 2329 iacet
326 2274 354 2329 in
364 2274 487 2329 dextrum
500 2274 665 2345 semisupina
676 2273 755 2329 latus.

120 2346 171 2401 Sed
181 2365 267 2420 neque
277 2349 389 2404 Phoebei
399 2347 514 2420 tripodes
524 2365 572 2402 nec
581 2349 703 2423 corniger
712 2348 788 2402 Anam

66 2429 105 2471 tea
156 2437 217 2474 vera
228 2422 313 2494 magis
323 2423 408 2488 vobis,
430 2436 512 2496 quam
524 2440 582 2477 mea
592 2424 679 2490 Musa,
700 2431 781 2478 canet.

121 2492 148 2546 Si
158 2509 212 2565 qua
222 2494 287 2548 fides
296 2495 355 2560 arti,
376 2514 457 2566 quam
469 2497 547 2571 longo
557 2496 746 2567 lecimususu3

157 2567 267 2621 credite:
287 2571 458 2637 praestabunt
467 2573 584 2631 carmina
597 2581 686 2628 nestra
695 2573 781 2628 iidem.

117 2638 218 2697 Sentiat
226 2658 259 2698 ex
268 2641 330 2700 imis
341 2643 472 2703 Venerem
483 2644 735 2703 resalutameeull'n

44 2886 152 2908 A
