1770 2992
160 152 194 207 72
349 157 377 203 Ρ.
398 154 526 203 ovum
542 154 710 202 NASONIS

346 386 605 445 uurs'rous
642 386 720 443 XV.

278 506 501 550 sarruo
553 502 784 549 rorone

162 620 317 700 Numquid,
328 628 376 685 ubi
384 628 505 699 adspecta
514 635 554 682 est
562 625 697 682 studiosae
703 626 780 685 litere
792 655 797 676 ι
810 652 842 675 n·
874 655 876 664 =

199 705 321 777 protinus
332 712 372 758 est
380 702 464 759 oculis
473 703 578 776 oognitn
590 710 678 756 nostra
688 702 762 757 tuis?

163 796 207 846 an,
222 779 275 833 nisi
284 777 395 852 legisses
405 777 519 833 auctoris
529 775 637 832 nomina
646 774 783 848 Sapphus¹

200 854 250 908 hoc
259 853 339 908 breve
349 853 461 908 nescires
472 851 543 907 unde
553 857 674 906 movetru
682 851 772 923 opus?
877 852 880 857 '

111 942 122 983 5
163 927 284 983 Forsitan
294 935 329 994 et,
342 944 425 999 quaro
433 944 491 981 moe
500 924 671 990 simultatus,
685 926 812 999 requiris,

202 1004 328 1068 carmina,
349 1019 434 1075 quum
447 1000 535 1075 lyricis
545 1000 598 1054 sim
606 999 767 1075 megisapta
774 994 867 1057 modis?

165 1077 515 1132 Fiendusemormeusest:
537 1073 602 1149 elegi
615 1072 827 1132 flebileoarmen.

202 1154 260 1207 Non
271 1151 331 1206 facit
340 1151 374 1206 ed
386 1150 507 1206 lacrimas
517 1148 634 1205 barbitos
643 1148 699 1205 ulia
709 1168 793 1206 mm.
880 1184 883 1189 ·

165 1226 240 1291 Uror,
253 1235 293 1291 ut,
307 1225 443 1281 indomitis
452 1226 542 1299 ignem
552 1224 736 1281 exercentibus
745 1226 834 1291 Euris,

111 1315 137 1357 10
202 1300 295 1356 fertilis
304 1302 421 1355 aooensis
430 1300 564 1354 messibus
573 1300 646 1355 ardet
654 1316 727 1373 eger.

165 1376 235 1432 Arva
245 1377 334 1431 Phaon
343 1373 568 1430 oeiebratdiversa
577 1372 733 1447 Typhoidos
743 1374 850 1429 netues:

203 1469 246 1506 me
254 1451 324 1506 onlor
333 1449 447 1505 Aetnaeo
457 1466 509 1504 uon
519 1447 608 1503 minor
617 1450 679 1522 igno
687 1458 768 1503 tenet.

165 1527 219 1581 Neo
229 1525 305 1590 mihi,
318 1524 455 1596 dispositis
465 1540 534 1596 quae
542 1522 653 1596 iungam
662 1522 782 1578 earmina
792 1522 880 1585 uersis,

201 1598 373 1670 proveniuut;
394 1597 725 1654 vacuaeoarminameutis
734 1614 814 1669 opus.

113 1685 138 1728 15
166 1674 220 1727 Neo
229 1689 271 1725 mo
279 1670 436 1744 Pyrrhiades
446 1671 690 1744 Methymniadesve
699 1671 813 1743 puellae,

204 1763 251 1801 neo
260 1762 303 1799 me
310 1744 469 1800 Lesbiadum
480 1754 577 1801 caetera
588 1746 665 1802 turba
673 1745 777 1802 irruant.
869 1766 874 1775 ·

166 1820 233 1876 Vilis
243 1818 389 1882 Anactorie,
400 1820 462 1875 vilis
472 1821 538 1875 mibi
549 1820 659 1876 candida
669 1819 778 1895 Cydno:

205 1912 258 1949 non
267 1893 351 1949 oouiis
360 1903 433 1967 grata
443 1903 482 1950 est
491 1894 588 1961 Atthis,
603 1902 713 1959 utente,
727 1896 807 1962 meis,

167 1978 246 2041 atque
256 1967 322 2023 alise
331 1976 446 2035 centum,
461 1988 528 2042 quas
539 1988 592 2025 non
602 1971 660 2025 sine
669 1970 782 2025 erimine
792 1970 884 2026 amari.

113 2057 139 2100 2⁰
204 2043 334 2116 Improbe,
349 2043 575 2116 multarumquod
584 2043 643 2109 fuit,
657 2044 835 2101 unushabes.

167 2121 216 2173 Est
224 2119 253 2175 iu
263 2126 288 2174 te
297 2118 384 2184 facies,
399 2120 525 2191 suntapti
535 2119 640 2174 lusibus
650 2120 725 2174 anni.

205 2192 317 2250 bracios
326 2195 410 2251 oculis
421 2195 547 2250 insidiosa
557 2194 638 2249 meisi

168 2268 250 2323 Sume
259 2269 339 2324 iidem
349 2270 545 2342 etpberetram3
567 2269 614 2323 iios
625 2267 784 2325 manifestus
792 2270 862 2342 Apol
877 2294 879 2315 ι

206 2343 337 2399 Accedant
344 2345 423 2416 capiti
433 2361 541 2409 cornua,
554 2345 673 2399 Bncobus
682 2344 745 2399 eris.

116 2429 141 2472 25
169 2418 203 2473 Et
211 2418 333 2473 Phoebus
342 2419 481 2489 Daphnen,
501 2427 526 2473 et
536 2419 653 2475 Gnosida
666 2419 786 2474 Bacchus
797 2419 883 2476 amav'

209 2509 255 2546 nec
265 2500 340 2548 norat
349 2492 444 2566 lyricos
454 2490 500 2546 illa
509 2491 551 2547 vel
561 2492 606 2548 illa
616 2493 718 2548 modos.

169 2566 204 2622 At
213 2568 280 2621 mihi
290 2567 428 2640 Pegasides
438 2567 611 2622 blandissima
621 2567 740 2622 carmina
751 2566 867 2624 dictant:

208 2646 261 2696 iam
270 2642 374 2697 canitur
383 2650 436 2697 toto
446 2659 540 2697 nomen
552 2642 581 2696 in
590 2643 653 2698 orbe
667 2659 770 2695 meum.

197 2904 254 2916 -n-
