1770 2992
141 151 190 203 316
327 155 358 201 P.
379 152 506 201 ovum
520 152 693 201 maome

140 254 336 329 Impigereeoe!
361 255 414 310 Leo
422 260 568 310 venantum
577 260 698 311 sternere
706 256 793 328 pergit

140 330 256 404 agmina,
276 336 302 384 et
311 328 429 384 adversis
439 328 517 385 infert
526 336 692 401 suapectora
703 328 777 384 telis:

141 421 247 477 quoque
256 403 342 469 venit,
362 403 446 461 fidens
457 404 580 478 magistet
591 402 724 460 sublatior
734 402 812 468 ardet.

88 492 113 533 55
141 478 326 550 concussitque
336 485 415 544 toros,
436 485 462 533 et
470 478 575 534 viribus
585 477 691 534 addidit
702 479 781 533 iram.

141 554 265 618 Prodidit,
286 559 365 624 atque
374 570 424 609 suo
432 559 552 624 properat
560 551 613 607 sibi
626 553 723 609 mbore
731 551 818 609 letum.
866 582 877 619 4

140 628 244 684 Foedus
253 628 367 682 Lucanis
376 626 541 699 provolvitur
549 626 786 693 Ursusabantrie‚
871 694 874 699 Ι

141 702 207 775 quid
216 703 268 758 nisi
277 701 382 774 pondus
392 702 473 767 iners,
490 700 654 772 stolidaeque
663 701 762 758 ferocia
770 696 868 757 mentiti

140 779 222 832 Actus
230 776 300 847 Aper
308 776 372 831 setis
382 777 449 832 iram
459 775 597 832 denuntiat
605 775 700 833 hirtis:

88 866 113 908 to
141 861 165 906 et
175 852 228 906 ruit
237 850 349 922 oppositi
358 850 445 906 nitens
458 852 486 906 in
496 848 608 906 vulnera
619 849 693 918 terri,

141 943 249 998 pressus
259 932 284 980 et
292 925 390 981 emisso
399 926 511 982 moritur
520 942 567 997 per
578 925 681 981 viscera
691 923 753 983 telo.

143 999 230 1055 Altera
239 1018 300 1071 pars
310 998 395 1055 fidens
403 1000 527 1072 pedihus,
547 999 593 1055 dat
602 1007 676 1074 terga
686 999 815 1074 sequenti,

140 1082 170 1130 ut
178 1075 268 1146 pavidi
279 1076 401 1147 Lepores,
422 1082 452 1130 ut
461 1073 535 1131 fulvo
544 1082 646 1149 tergore
654 1076 763 1142 Damae.

140 1158 165 1204 et
174 1157 249 1222 capto
259 1148 363 1235 fugiens
375 1149 475 1206 Cervus
485 1149 605 1205 sinefine
614 1149 720 1206 timore.

88 1237 112 1279 tt
143 1224 210 1296 stpsa
219 1241 295 1296 sequr
306 1232 399 1279 natura
408 1224 491 1290 doeet.
512 1223 554 1281 vel
563 1224 688 1281 eominus
699 1221 761 1300 ire]

142 1270 188 1354 trie
196 1316 339 1373 generosus
348 1299 447 1365 honos,
467 1305 493 1354 et
501 1298 584 1373 gloria
594 1299 681 1355 maior
689 1300 835 1373 Equorum:

141 1370 865 1448 namoapiuntantmtspatmam,gaudentquentumptt

141 1449 193 1504 Seu
202 1456 301 1521 septem
310 1450 404 1522 spatiis
413 1449 489 1506 Circo
497 1466 617 1505 meruere
625 1465 766 1519 eoronam

142 1542 230 1580 nonne
239 1524 314 1583 vides
324 1525 407 1582 vietor
418 1531 518 1597 quanto
527 1522 673 1580 sublimius
685 1524 772 1580 altum

87 1610 112 1652 tn
141 1599 240 1655 attollat
248 1608 336 1672 eaput,
357 1609 383 1655 et
393 1599 469 1728 vulgi
478 1616 507 1653 se
516 1597 633 1654 venditet
642 1597 742 1655 aurae?

142 1675 250 1731 Celsave
260 1692 346 1747 quum
355 1691 430 1730 caeso
456 1680 574 1729 eceratur
582 1680 656 1747 terga
665 1672 751 1739 leone,

140 1766 222 1820 quam
232 1748 361 1815 tumidus,
382 1755 536 1822 quanteque
544 1748 618 1804 venit
627 1746 780 1819 spectabilis
790 1752 849 1807 acm.

140 1830 340 1895 compeseatque
350 1824 437 1880 solum
446 1841 574 1898 generoso
583 1822 685 1878 eoncita
694 1822 777 1895 pulsu

139 1896 241 1970 ungule
251 1897 302 1953 suh
312 1897 404 1968 spoliis
413 1899 529 1972 graviter
537 1897 672 1954 redeuntis
680 1898 788 1971 opimis.

86 1983 112 2027 tt
140 1971 212 2039 Quae
222 1970 280 2026 laus
288 1973 375 2043 prima
388 1971 511 2029 Canum?
528 1972 629 2046 quibus
638 1980 679 2027 est
688 1972 866 2043 audaciapree

615 2064 688 2113 ees,

139 2121 308 2195 venandique
315 2138 397 2194 sagax
409 2121 504 2188 virtus,
525 2064 795 2194 viresquepsequendi.

140 2197 213 2262 Quae
224 2215 297 2253 nune
305 2195 380 2252 elatis
390 2196 521 2253 rimantur
530 2198 641 2252 naribus
650 2214 740 2264 auras,

140 2279 165 2325 et
174 2290 247 2328 nuno
255 2272 371 2328 demisso
380 2279 512 2345 quaerunt
520 2271 630 2345 vestigia
643 2279 739 2338 rostro,

140 2353 165 2399 et
172 2346 289 2416 produnt
297 2347 410 2405 clamore
419 2347 510 2414 feram,
532 2343 846 2419 dominumquovoenndo

88 2430 112 2471 80
141 2420 305 2490 increpitant.
335 2421 420 2488 Quem
430 2422 453 2477 si
463 2421 565 2479 collatis
574 2420 667 2494 effugit
675 2421 768 2486 armis,

141 2495 290 2564 insequitur
299 2495 470 2568 tumulosque
480 2497 868 2568 caniseamposqueperomuoe·

176 2569 269 2622 Noster
281 2569 310 2624 in
320 2577 374 2624 arte
384 2569 456 2626 labor
464 2573 582 2644 positus:
603 2587 665 2642 spes
674 2572 764 2627 omnis
773 2571 801 2625 in
810 2565 858 2622 illa.

132 2641 191 2702 Nec
200 2648 287 2706 tamen
296 2643 327 2706 r'n
338 2644 442 2707 medias
453 2646 542 2728 pelagi
552 2645 779 2724 mergerem
