1770 2992
125 155 289 203 AHORUM
305 156 376 203 LIB.
394 158 427 204 11.
446 160 500 204 ΕΒ.
516 162 542 206 9.
650 157 697 209 ⁴67

94 255 231 324 antimus,
249 255 365 329 populus
377 256 425 312 tihi
438 257 554 328 deditas,
575 276 666 315 arma>

94 330 226 387 eluctanti
235 332 355 388 sessatin
366 331 442 389 hoste
449 349 555 388 manus.

94 405 157 463 stim
167 405 247 462 nudis
256 405 361 462 hamata
369 403 507 463 remandare
517 406 566 462 tals

94 479 127 536 s‘!
152 479 376 536 Ossamihinuda
385 480 493 554 reliquit
501 498 584 538 amor.

94 555 252 623 monstri,
272 555 664 629 tatsuntsineamorepuellae.
729 572 754 614 15

94 631 202 686 ibicum
212 628 556 704 magnalaudatriumphus
566 639 616 687 eat.

94 703 688 776 aisiimmensumvirespmmossetinorbam,

95 780 153 835 nais
163 786 232 835 esset
241 796 313 834 nunc
322 796 429 851 quoque
437 786 501 836 tecta
513 782 591 837 casis.

94 873 103 909 ι
113 862 231 926 aooeptas
243 853 320 908 miles
332 853 470 910 deducitur
482 873 572 930 agras:

94 928 248 984 arinsaltus
256 945 357 984 carcere
367 927 433 985 liber
442 946 542 1003 aquus:
729 944 753 987 πο

94 1003 265 1058 tsubduotam
274 1002 359 1058 celant
367 1002 469 1059 navalia
497 1005 586 1061 inum:

94 1077 239 1151 zedeposito
247 1022 526 1150 posciturensermtpts.

94 1169 138 1218 ae,
159 1152 206 1225 qui
218 1153 292 1208 toties
301 1152 387 1208 merui
397 1152 448 1207 sub
457 1153 662 1226 amorepuellae,

94 1233 158 1281 tam
166 1225 366 1298 placidevivere
374 1235 552 1298 tempuserat.

94 1320 146 1368 eus,
166 1301 264 1374 posito,
285 1301 308 1355 si
318 1301 380 1374 quis
392 1302 459 1357 mihi
469 1301 550 1368 dicat,
571 1320 667 1366 amore,
730 1314 754 1355 25

94 1394 140 1432 aer:
159 1392 248 1448 usque
257 1375 320 1432 adeo
328 1375 406 1432 dulae
416 1374 505 1449 puella
513 1375 614 1430 malum
624 1385 672 1430 est.

94 1467 147 1507 ene
163 1457 312 1523 pertaesum
330 1459 384 1518 est,
416 1449 552 1578 animffle
572 1449 702 1524 relanguit

540 1540 583 1593 οη

94 1617 158 1674 ¹quo
166 1599 277 1654 miserae
288 1600 394 1656 turbine
403 1598 500 1653 mentis
512 1615 584 1672 agor.

94 1679 115 1730 ln
127 1674 412 1747 praesepsdominum‚
433 1674 584 1745 spumantia
592 1673 688 1731 frustra

94 1755 273 1815 retentantem,
293 1748 554 1822 duriororisequus:
731 1763 756 1805 aa

94 1842 126 1891 as,
146 1841 229 1897 prope
237 1824 291 1879 iam
300 1842 394 1896 prensa
404 1823 509 1892 tellure,
530 1826 645 1882 carinam

94 1906 154 1954 atem
163 1905 255 1971 portus
264 1906 359 1955 ventus
371 1899 399 1954 in
410 1899 461 1954 alta
471 1901 552 1974 rapit:

94 1972 230 2047 eperafert
238 1974 335 2029 ineerta
345 1974 485 2047 Cupidinis
493 1994 570 2044 aura;

94 2066 117 2104 ae
126 2064 277 2121 purpureus
286 2049 336 2104 tela
346 2050 457 2105 resumit
465 2049 556 2105 Amor.

94 2141 145 2193 aer;
166 2124 259 2196 positis
271 2124 360 2180 nudus
370 2125 418 2179 tibi
427 2125 551 2196 praebeor
560 2123 650 2178 armis.
732 2134 755 2176 35

94 2198 110 2252 ti
119 2205 184 2254 sunt
191 2198 275 2255 vires:
295 2199 341 2255 hio
349 2207 394 2254 tua
406 2198 496 2252 dextra
506 2197 583 2253 valet.

94 2290 177 2347 quam
186 2273 283 2341 iussae,
298 2274 410 2330 veniunt
418 2273 471 2326 iam
482 2279 574 2344 sponte
584 2272 700 2347 sagittae.

96 2348 120 2403 is
127 2365 191 2420 prae
200 2366 242 2403 me
251 2355 312 2404 nota
321 2348 441 2420 pharetra
451 2354 496 2401 tua
505 2354 554 2402 est.

98 2430 152 2479 tota
160 2422 542 2496 quicunquequiescerenocta

93 2504 132 2564 et,
153 2505 178 2553 at
187 2516 295 2554 somnos
304 2498 420 2569 praemia
430 2516 526 2573 magna
535 2504 618 2554 vocat.
732 2502 758 2546 40

94 2572 139 2628 aid
148 2581 187 2626 est
196 2591 316 2638 somnus,
328 2572 429 2647 gelidae
438 2575 490 2628 nisi
500 2573 591 2630 mortis
599 2568 704 2641 imago?

103 2647 256 2718 quiescendi
271 2656 386 2718 tempora
396 2648 449 2703 fata
458 2647 568 2704 dabunt.
