<?xml version="1.0" encoding="UTF-8"?>
<!DOCTYPE html PUBLIC "-//W3C//DTD XHTML 1.0 Transitional//EN"
    "http://www.w3.org/TR/xhtml1/DTD/xhtml1-transitional.dtd">
<html xmlns="http://www.w3.org/1999/xhtml" xml:lang="en" lang="en">
 <head>
  <title>
</title>
<meta http-equiv="Content-Type" content="text/html;charset=utf-8" />
  <meta name='ocr-system' content='tesseract 3.04.00' />
  <meta name='ocr-capabilities' content='ocr_page ocr_carea ocr_par ocr_line ocrx_word'/>
</head>
<body>
  <div class='ocr_page' id='page_1' title='image "./povidiinasoniso00ovidgoog_0245.png"; bbox 0 0 1770 2992; ppageno 0'>
   <div class='ocr_carea' id='block_1_1' title="bbox 98 122 646 176">
    <p class='ocr_par' dir='ltr' id='par_1_1' title="bbox 98 122 646 176">
     <span class='ocr_line' id='line_1_1' title="bbox 98 122 646 176; baseline -0.007 -1"><span class='ocrx_word' id='word_1_1' title='bbox 98 122 147 176; x_wconf 71' lang='lat'><strong>232</strong></span> <span class='ocrx_word' id='word_1_2' title='bbox 285 124 314 169; x_wconf 78' lang='grc' dir='ltr'><strong>Ρ.</strong></span> <span class='ocrx_word' id='word_1_3' title='bbox 335 124 462 173; x_wconf 82' lang='lat' dir='ltr'><strong>ovum</strong></span> <span class='ocrx_word' id='word_1_4' title='bbox 477 124 646 173; x_wconf 70' lang='lat' dir='ltr'><strong>monus</strong></span> 
     </span>
    </p>
   </div>
   <div class='ocr_carea' id='block_1_2' title="bbox 45 222 885 2671">
    <p class='ocr_par' dir='ltr' id='par_1_2' title="bbox 45 222 885 2671">
     <span class='ocr_line' id='line_1_2' title="bbox 136 222 838 298; baseline 0.004 -18"><span class='ocrx_word' id='word_1_5' title='bbox 136 242 201 281; x_wconf 84' lang='lat' dir='ltr'><strong>aeva</strong></span> <span class='ocrx_word' id='word_1_6' title='bbox 210 224 285 298; x_wconf 85' lang='lat' dir='ltr'><strong>queri</strong></span> <span class='ocrx_word' id='word_1_7' title='bbox 293 224 379 297; x_wconf 86' lang='lat' dir='ltr'><strong>possit</strong></span> <span class='ocrx_word' id='word_1_8' title='bbox 387 224 454 281; x_wconf 86' lang='lat' dir='ltr'><strong>dura</strong></span> <span class='ocrx_word' id='word_1_9' title='bbox 463 222 560 292; x_wconf 76' lang='lat' dir='ltr'><strong>saissa.</strong></span> <span class='ocrx_word' id='word_1_10' title='bbox 579 242 656 283; x_wconf 74' lang='lat' dir='ltr'><strong>save.</strong></span> <span class='ocrx_word' id='word_1_11' title='bbox 835 283 838 288; x_wconf 76' lang='grc'><strong>,</strong></span> 
     </span>
     <span class='ocr_line' id='line_1_3' title="bbox 99 298 860 373; baseline -0.003 -18"><span class='ocrx_word' id='word_1_12' title='bbox 99 299 196 356; x_wconf 83' lang='lat' dir='ltr'><strong>Oscula</strong></span> <span class='ocrx_word' id='word_1_13' title='bbox 205 301 253 373; x_wconf 90' lang='lat' dir='ltr'><strong>qui</strong></span> <span class='ocrx_word' id='word_1_14' title='bbox 263 298 369 366; x_wconf 83' lang='lat' dir='ltr'><strong>sumsit,</strong></span> <span class='ocrx_word' id='word_1_15' title='bbox 389 299 413 371; x_wconf 72' lang='lat' dir='ltr'><strong>si</strong></span> <span class='ocrx_word' id='word_1_16' title='bbox 423 316 476 357; x_wconf 86' lang='lat' dir='ltr'><strong>non</strong></span> <span class='ocrx_word' id='word_1_17' title='bbox 486 300 737 367; x_wconf 65' lang='lat' dir='ltr'><strong>eistetensium,</strong></span> <span class='ocrx_word' id='word_1_18' title='bbox 810 326 815 337; x_wconf 95' lang='lat'>·</span> <span class='ocrx_word' id='word_1_19' title='bbox 848 342 860 353; x_wconf 83' lang='lat'><em>.</em></span> 
     </span>
     <span class='ocr_line' id='line_1_4' title="bbox 45 372 857 453; baseline 0 -22"><span class='ocrx_word' id='word_1_20' title='bbox 45 389 84 432; x_wconf 77' lang='lat' dir='ltr'><strong>saa</strong></span> <span class='ocrx_word' id='word_1_21' title='bbox 136 372 662 447; x_wconf 60' lang='lat' dir='ltr'><strong>haecquaauaqaaidatasunupardera</strong></span> <span class='ocrx_word' id='word_1_22' title='bbox 690 374 698 389; x_wconf 84' lang='lat'><em>&#39;</em></span> <span class='ocrx_word' id='word_1_23' title='bbox 735 392 783 431; x_wconf 82' lang='lat' dir='ltr'><strong>us-</strong></span> <span class='ocrx_word' id='word_1_24' title='bbox 814 385 815 388; x_wconf 76' lang='grc'>’</span> <span class='ocrx_word' id='word_1_25' title='bbox 841 392 857 453; x_wconf 49' lang='lat' dir='ltr'><em>g</em></span> 
     </span>
     <span class='ocr_line' id='line_1_5' title="bbox 99 447 844 520; baseline -0.004 -15"><span class='ocrx_word' id='word_1_26' title='bbox 99 450 234 516; x_wconf 84' lang='lat' dir='ltr'><strong>Quantum</strong></span> <span class='ocrx_word' id='word_1_27' title='bbox 244 449 360 505; x_wconf 82' lang='lat' dir='ltr'><strong>defuerat</strong></span> <span class='ocrx_word' id='word_1_28' title='bbox 368 447 446 520; x_wconf 85' lang='lat' dir='ltr'><strong>plano</strong></span> <span class='ocrx_word' id='word_1_29' title='bbox 458 455 518 520; x_wconf 85' lang='lat' dir='ltr'><strong>post</strong></span> <span class='ocrx_word' id='word_1_30' title='bbox 627 456 691 505; x_wconf 75' lang='lat' dir='ltr'><strong>voto</strong></span> <span class='ocrx_word' id='word_1_31' title='bbox 842 495 844 502; x_wconf 79' lang='grc'><strong><em>,</em></strong></span> 
     </span>
     <span class='ocr_line' id='line_1_6' title="bbox 136 514 883 599; baseline 0.003 -20"><span class='ocrx_word' id='word_1_32' title='bbox 136 525 275 579; x_wconf 80' lang='lat' dir='ltr'><strong>Haimihil</strong></span> <span class='ocrx_word' id='word_1_33' title='bbox 296 524 439 589; x_wconf 68' lang='lat' dir='ltr'>rusticitas,</span> <span class='ocrx_word' id='word_1_34' title='bbox 460 522 631 595; x_wconf 72' lang='lat' dir='ltr'><strong>nonpuuora</strong></span> <span class='ocrx_word' id='word_1_35' title='bbox 643 522 739 579; x_wconf 68' lang='lat' dir='ltr'><strong>isuaia.</strong></span> <span class='ocrx_word' id='word_1_36' title='bbox 845 514 883 599; x_wconf 63' lang='lat' dir='ltr'><strong>‘s</strong></span> 
     </span>
     <span class='ocr_line' id='line_1_7' title="bbox 99 596 860 671; baseline 0 -17"><span class='ocrx_word' id='word_1_37' title='bbox 99 600 161 654; x_wconf 90' lang='lat' dir='ltr'><strong>Vim</strong></span> <span class='ocrx_word' id='word_1_38' title='bbox 172 599 231 655; x_wconf 77' lang='lat' dir='ltr'><strong>iicet</strong></span> <span class='ocrx_word' id='word_1_39' title='bbox 240 597 384 671; x_wconf 83' lang='lat' dir='ltr'><strong>appellent,</strong></span> <span class='ocrx_word' id='word_1_40' title='bbox 404 605 478 671; x_wconf 78' lang='lat' dir='ltr'><strong>grata</strong></span> <span class='ocrx_word' id='word_1_41' title='bbox 487 596 643 653; x_wconf 82' lang='lat' dir='ltr'><strong>astvisista</strong></span> <span class='ocrx_word' id='word_1_42' title='bbox 652 596 764 671; x_wconf 77' lang='lat' dir='ltr'><strong>puellis:</strong></span> <span class='ocrx_word' id='word_1_43' title='bbox 857 616 860 623; x_wconf 93' lang='lat'>·</span> 
     </span>
     <span class='ocr_line' id='line_1_8' title="bbox 137 668 861 745; baseline 0.001 -16"><span class='ocrx_word' id='word_1_44' title='bbox 137 674 300 745; x_wconf 81' lang='lat' dir='ltr'><strong>quodiuvat‚</strong></span> <span class='ocrx_word' id='word_1_45' title='bbox 321 670 622 743; x_wconf 80' lang='lat' dir='ltr'><strong>invitaasaapadadissa</strong></span> <span class='ocrx_word' id='word_1_46' title='bbox 633 671 740 729; x_wconf 77' lang='lat' dir='ltr'><strong>volunt.</strong></span> <span class='ocrx_word' id='word_1_47' title='bbox 853 668 861 739; x_wconf 72' lang='grc' dir='ltr'>ἶ</span> 
     </span>
     <span class='ocr_line' id='line_1_9' title="bbox 47 745 881 827; baseline 0.002 -24"><span class='ocrx_word' id='word_1_48' title='bbox 47 760 87 803; x_wconf 73' lang='lat' dir='ltr'><strong>sss</strong></span> <span class='ocrx_word' id='word_1_49' title='bbox 100 748 280 819; x_wconf 79' lang='lat' dir='ltr'><strong>Quaecunque</strong></span> <span class='ocrx_word' id='word_1_50' title='bbox 289 756 329 803; x_wconf 79' lang='lat' dir='ltr'><strong>est</strong></span> <span class='ocrx_word' id='word_1_51' title='bbox 337 747 446 803; x_wconf 83' lang='lat' dir='ltr'><strong>Veneris</strong></span> <span class='ocrx_word' id='word_1_52' title='bbox 456 746 545 801; x_wconf 83' lang='lat' dir='ltr'><strong>subita</strong></span> <span class='ocrx_word' id='word_1_53' title='bbox 554 745 692 803; x_wconf 78' lang='lat' dir='ltr'><strong>violatam</strong></span> <span class='ocrx_word' id='word_1_54' title='bbox 713 749 767 813; x_wconf 77' lang='lat' dir='ltr'><strong>ina,</strong></span> <span class='ocrx_word' id='word_1_55' title='bbox 856 784 881 827; x_wconf 63' lang='lat' dir='ltr'><strong>a*</strong></span> 
     </span>
     <span class='ocr_line' id='line_1_10' title="bbox 137 821 877 895; baseline 0.003 -19"><span class='ocrx_word' id='word_1_56' title='bbox 137 821 246 895; x_wconf 81' lang='lat' dir='ltr'><strong>gaudet:</strong></span> <span class='ocrx_word' id='word_1_57' title='bbox 267 828 293 876; x_wconf 81' lang='lat' dir='ltr'><strong>at</strong></span> <span class='ocrx_word' id='word_1_58' title='bbox 301 821 455 893; x_wconf 82' lang='lat' dir='ltr'><strong>improbitas</strong></span> <span class='ocrx_word' id='word_1_59' title='bbox 464 821 585 877; x_wconf 77' lang='lat' dir='ltr'><strong>muneris</strong></span> <span class='ocrx_word' id='word_1_60' title='bbox 596 821 684 877; x_wconf 72' lang='lat' dir='ltr'><strong>instar</strong></span> <span class='ocrx_word' id='word_1_61' title='bbox 765 832 784 877; x_wconf 84' lang='lat' dir='ltr'><strong>t.</strong></span> <span class='ocrx_word' id='word_1_62' title='bbox 863 824 877 877; x_wconf 67' lang='grc' dir='ltr'><em>Γ</em></span> 
     </span>
     <span class='ocr_line' id='line_1_11' title="bbox 100 895 873 970; baseline 0.004 -18"><span class='ocrx_word' id='word_1_63' title='bbox 100 895 220 968; x_wconf 77' lang='lat' dir='ltr'><strong>Atquae‚</strong></span> <span class='ocrx_word' id='word_1_64' title='bbox 240 912 326 967; x_wconf 90' lang='lat' dir='ltr'><strong>quum</strong></span> <span class='ocrx_word' id='word_1_65' title='bbox 334 896 502 970; x_wconf 79' lang='lat' dir='ltr'><strong>possetoogi‚</strong></span> <span class='ocrx_word' id='word_1_66' title='bbox 524 899 786 963; x_wconf 64' lang='lat' dir='ltr'><strong>mummii,</strong></span> <span class='ocrx_word' id='word_1_67' title='bbox 864 944 873 964; x_wconf 76' lang='lat'>,</span> 
     </span>
     <span class='ocr_line' id='line_1_12' title="bbox 138 969 875 1044; baseline 0.008 -21"><span class='ocrx_word' id='word_1_68' title='bbox 138 988 222 1044; x_wconf 89' lang='lat' dir='ltr'><strong>quum</strong></span> <span class='ocrx_word' id='word_1_69' title='bbox 235 969 427 1026; x_wconf 83' lang='lat' dir='ltr'><strong>siinuletvultu</strong></span> <span class='ocrx_word' id='word_1_70' title='bbox 436 970 542 1044; x_wconf 83' lang='lat' dir='ltr'><strong>gaudia,</strong></span> <span class='ocrx_word' id='word_1_71' title='bbox 562 970 648 1026; x_wconf 79' lang='lat' dir='ltr'><strong>tristis</strong></span> <span class='ocrx_word' id='word_1_72' title='bbox 657 972 719 1028; x_wconf 80' lang='lat' dir='ltr'><strong>erit.</strong></span> <span class='ocrx_word' id='word_1_73' title='bbox 866 970 875 1027; x_wconf 86' lang='lat'><strong>.&#39;</strong></span> 
     </span>
     <span class='ocr_line' id='line_1_13' title="bbox 101 1043 727 1117; baseline 0.006 -17"><span class='ocrx_word' id='word_1_74' title='bbox 101 1046 162 1100; x_wconf 88' lang='lat' dir='ltr'><strong>Vim</strong></span> <span class='ocrx_word' id='word_1_75' title='bbox 172 1062 249 1117; x_wconf 86' lang='lat' dir='ltr'><strong>passa</strong></span> <span class='ocrx_word' id='word_1_76' title='bbox 258 1045 422 1114; x_wconf 81' lang='lat' dir='ltr'><strong>sstPhoebe;</strong></span> <span class='ocrx_word' id='word_1_77' title='bbox 443 1045 485 1101; x_wconf 90' lang='lat' dir='ltr'><strong>vis</strong></span> <span class='ocrx_word' id='word_1_78' title='bbox 494 1052 533 1100; x_wconf 79' lang='lat' dir='ltr'><strong>ast</strong></span> <span class='ocrx_word' id='word_1_79' title='bbox 542 1043 614 1100; x_wconf 77' lang='lat' dir='ltr'><strong>illata</strong></span> <span class='ocrx_word' id='word_1_80' title='bbox 623 1048 727 1103; x_wconf 82' lang='lat' dir='ltr'><strong>sorori:</strong></span> 
     </span>
     <span class='ocr_line' id='line_1_14' title="bbox 49 1118 637 1193; baseline -0.002 -17"><span class='ocrx_word' id='word_1_81' title='bbox 49 1133 88 1176; x_wconf 78' lang='lat' dir='ltr'><strong>saa</strong></span> <span class='ocrx_word' id='word_1_82' title='bbox 138 1127 163 1173; x_wconf 82' lang='lat' dir='ltr'><strong>et</strong></span> <span class='ocrx_word' id='word_1_83' title='bbox 203 1127 261 1175; x_wconf 88' lang='lat' dir='ltr'><strong>atus</strong></span> <span class='ocrx_word' id='word_1_84' title='bbox 270 1120 352 1192; x_wconf 84' lang='lat' dir='ltr'><strong>raptis</strong></span> <span class='ocrx_word' id='word_1_85' title='bbox 361 1126 567 1193; x_wconf 80' lang='lat' dir='ltr'><strong>raptorutarque</strong></span> <span class='ocrx_word' id='word_1_86' title='bbox 576 1118 637 1175; x_wconf 81' lang='lat' dir='ltr'><strong>fuat.</strong></span> 
     </span>
     <span class='ocr_line' id='line_1_15' title="bbox 102 1193 858 1281; baseline 0.005 -31"><span class='ocrx_word' id='word_1_87' title='bbox 102 1195 176 1250; x_wconf 87' lang='lat' dir='ltr'><strong>Fabu</strong></span> <span class='ocrx_word' id='word_1_88' title='bbox 187 1202 271 1251; x_wconf 77' lang='lat' dir='ltr'><strong>anota</strong></span> <span class='ocrx_word' id='word_1_89' title='bbox 281 1196 403 1269; x_wconf 80' lang='lat' dir='ltr'><strong>quidem,</strong></span> <span class='ocrx_word' id='word_1_90' title='bbox 423 1194 471 1250; x_wconf 79' lang='lat' dir='ltr'><strong>sad</strong></span> <span class='ocrx_word' id='word_1_91' title='bbox 482 1212 534 1250; x_wconf 87' lang='lat' dir='ltr'><strong>non</strong></span> <span class='ocrx_word' id='word_1_92' title='bbox 543 1193 656 1281; x_wconf 68' lang='lat' dir='ltr'><strong>indigna</strong></span> <span class='ocrx_word' id='word_1_93' title='bbox 665 1195 769 1265; x_wconf 61' lang='lat' dir='ltr'><strong>retas,</strong></span> <span class='ocrx_word' id='word_1_94' title='bbox 855 1200 858 1205; x_wconf 84' lang='lat'>&#39;</span> 
     </span>
     <span class='ocr_line' id='line_1_16' title="bbox 139 1268 885 1346; baseline 0 -22"><span class='ocrx_word' id='word_1_95' title='bbox 139 1269 172 1324; x_wconf 87' lang='lat' dir='ltr'><strong>Sc</strong></span> <span class='ocrx_word' id='word_1_96' title='bbox 206 1271 243 1325; x_wconf 87' lang='lat' dir='ltr'><strong>&#39;as</strong></span> <span class='ocrx_word' id='word_1_97' title='bbox 252 1270 394 1326; x_wconf 81' lang='lat' dir='ltr'><strong>Haemonio</strong></span> <span class='ocrx_word' id='word_1_98' title='bbox 402 1269 471 1326; x_wconf 82' lang='lat' dir='ltr'><strong>victa</strong></span> <span class='ocrx_word' id='word_1_99' title='bbox 480 1268 569 1341; x_wconf 85' lang='lat' dir='ltr'><strong>puella</strong></span> <span class='ocrx_word' id='word_1_100' title='bbox 578 1286 647 1325; x_wconf 84' lang='lat' dir='ltr'><strong>varo.</strong></span> <span class='ocrx_word' id='word_1_101' title='bbox 878 1331 885 1346; x_wconf 7' lang='grc' dir='ltr'><strong>γ’</strong></span> 
     </span>
     <span class='ocr_line' id='line_1_17' title="bbox 103 1342 884 1416; baseline 0.006 -17"><span class='ocrx_word' id='word_1_102' title='bbox 103 1346 157 1399; x_wconf 87' lang='lat' dir='ltr'><strong>lam</strong></span> <span class='ocrx_word' id='word_1_103' title='bbox 186 1343 342 1400; x_wconf 76' lang='lat' dir='ltr'><strong>ealaudataa</strong></span> <span class='ocrx_word' id='word_1_104' title='bbox 353 1343 458 1399; x_wconf 79' lang='lat' dir='ltr'><strong>dederat</strong></span> <span class='ocrx_word' id='word_1_105' title='bbox 467 1342 537 1398; x_wconf 87' lang='lat' dir='ltr'><strong>mala</strong></span> <span class='ocrx_word' id='word_1_106' title='bbox 546 1344 666 1416; x_wconf 76' lang='lat' dir='ltr'><strong>praemia</strong></span> <span class='ocrx_word' id='word_1_107' title='bbox 676 1344 790 1407; x_wconf 79' lang='lat' dir='ltr'><strong>formae.</strong></span> <span class='ocrx_word' id='word_1_108' title='bbox 882 1397 884 1414; x_wconf 61' lang='lat'>÷</span> 
     </span>
     <span class='ocr_line' id='line_1_18' title="bbox 138 1417 637 1493; baseline -0.006 -17"><span class='ocrx_word' id='word_1_109' title='bbox 138 1419 203 1476; x_wconf 80' lang='lat' dir='ltr'><strong>oolla</strong></span> <span class='ocrx_word' id='word_1_110' title='bbox 211 1420 262 1475; x_wconf 88' lang='lat' dir='ltr'><strong>suh</strong></span> <span class='ocrx_word' id='word_1_111' title='bbox 273 1420 347 1475; x_wconf 78' lang='lat' dir='ltr'><strong>Idaeo</strong></span> <span class='ocrx_word' id='word_1_112' title='bbox 356 1418 461 1475; x_wconf 83' lang='lat' dir='ltr'><strong>vincere</strong></span> <span class='ocrx_word' id='word_1_113' title='bbox 469 1417 550 1493; x_wconf 78' lang='lat' dir='ltr'><strong>digna</strong></span> <span class='ocrx_word' id='word_1_114' title='bbox 559 1418 637 1474; x_wconf 88' lang='lat' dir='ltr'><strong>duas.</strong></span> 
     </span>
     <span class='ocr_line' id='line_1_19' title="bbox 50 1493 765 1565; baseline 0.003 -16"><span class='ocrx_word' id='word_1_115' title='bbox 50 1506 89 1549; x_wconf 79' lang='lat' dir='ltr'><strong>sas</strong></span> <span class='ocrx_word' id='word_1_116' title='bbox 103 1496 157 1549; x_wconf 90' lang='lat' dir='ltr'><strong>lam</strong></span> <span class='ocrx_word' id='word_1_117' title='bbox 169 1513 253 1550; x_wconf 88' lang='lat' dir='ltr'><strong>nurus</strong></span> <span class='ocrx_word' id='word_1_118' title='bbox 263 1495 297 1550; x_wconf 89' lang='lat' dir='ltr'><strong>ad</strong></span> <span class='ocrx_word' id='word_1_119' title='bbox 306 1496 441 1551; x_wconf 83' lang='lat' dir='ltr'>Priamum</span> <span class='ocrx_word' id='word_1_120' title='bbox 451 1493 556 1549; x_wconf 82' lang='lat' dir='ltr'><strong>diversa</strong></span> <span class='ocrx_word' id='word_1_121' title='bbox 565 1502 675 1549; x_wconf 81' lang='lat' dir='ltr'><strong>venerat</strong></span> <span class='ocrx_word' id='word_1_122' title='bbox 683 1497 765 1565; x_wconf 84' lang='lat' dir='ltr'><strong>orba;</strong></span> 
     </span>
     <span class='ocr_line' id='line_1_20' title="bbox 141 1568 711 1642; baseline 0 -17"><span class='ocrx_word' id='word_1_123' title='bbox 141 1570 272 1642; x_wconf 84' lang='lat' dir='ltr'><strong>Graiaque</strong></span> <span class='ocrx_word' id='word_1_124' title='bbox 281 1571 310 1626; x_wconf 91' lang='lat' dir='ltr'><strong>in</strong></span> <span class='ocrx_word' id='word_1_125' title='bbox 320 1569 405 1627; x_wconf 87' lang='lat' dir='ltr'><strong>Iliacis</strong></span> <span class='ocrx_word' id='word_1_126' title='bbox 415 1568 554 1625; x_wconf 86' lang='lat' dir='ltr'><strong>moenibus</strong></span> <span class='ocrx_word' id='word_1_127' title='bbox 564 1585 633 1625; x_wconf 85' lang='lat' dir='ltr'><strong>uxor</strong></span> <span class='ocrx_word' id='word_1_128' title='bbox 642 1578 711 1627; x_wconf 83' lang='lat' dir='ltr'><strong>erat.</strong></span> 
     </span>
     <span class='ocr_line' id='line_1_21' title="bbox 103 1643 644 1702; baseline 0.002 -4"><span class='ocrx_word' id='word_1_129' title='bbox 103 1645 227 1699; x_wconf 81' lang='lat' dir='ltr'><strong>Iurabant</strong></span> <span class='ocrx_word' id='word_1_130' title='bbox 235 1662 326 1702; x_wconf 84' lang='lat' dir='ltr'><strong>omnes</strong></span> <span class='ocrx_word' id='word_1_131' title='bbox 336 1645 364 1701; x_wconf 87' lang='lat' dir='ltr'><strong>in</strong></span> <span class='ocrx_word' id='word_1_132' title='bbox 374 1644 438 1701; x_wconf 82' lang='lat' dir='ltr'><strong>laesi</strong></span> <span class='ocrx_word' id='word_1_133' title='bbox 451 1644 532 1700; x_wconf 85' lang='lat' dir='ltr'><strong>verba</strong></span> <span class='ocrx_word' id='word_1_134' title='bbox 541 1643 644 1699; x_wconf 83' lang='lat' dir='ltr'><strong>mariti:</strong></span> 
     </span>
     <span class='ocr_line' id='line_1_22' title="bbox 141 1717 685 1792; baseline 0.002 -20"><span class='ocrx_word' id='word_1_135' title='bbox 141 1736 202 1773; x_wconf 87' lang='lat' dir='ltr'><strong>nam</strong></span> <span class='ocrx_word' id='word_1_136' title='bbox 211 1718 285 1775; x_wconf 86' lang='lat' dir='ltr'>dolor</span> <span class='ocrx_word' id='word_1_137' title='bbox 294 1721 385 1786; x_wconf 88' lang='lat' dir='ltr'><strong>unius,</strong></span> <span class='ocrx_word' id='word_1_138' title='bbox 404 1718 512 1792; x_wconf 87' lang='lat' dir='ltr'><strong>publica</strong></span> <span class='ocrx_word' id='word_1_139' title='bbox 521 1736 614 1775; x_wconf 80' lang='lat' dir='ltr'><strong>caussa</strong></span> <span class='ocrx_word' id='word_1_140' title='bbox 625 1717 685 1774; x_wconf 81' lang='lat' dir='ltr'><strong>fuit.</strong></span> 
     </span>
     <span class='ocr_line' id='line_1_23' title="bbox 104 1792 844 1866; baseline 0.005 -20"><span class='ocrx_word' id='word_1_141' title='bbox 104 1793 200 1864; x_wconf 84' lang='lat' dir='ltr'>Turpe,</span> <span class='ocrx_word' id='word_1_142' title='bbox 220 1794 273 1849; x_wconf 88' lang='lat' dir='ltr'><strong>nisi</strong></span> <span class='ocrx_word' id='word_1_143' title='bbox 282 1796 332 1850; x_wconf 87' lang='lat' dir='ltr'><strong>hoc</strong></span> <span class='ocrx_word' id='word_1_144' title='bbox 340 1796 432 1851; x_wconf 87' lang='lat' dir='ltr'><strong>matris</strong></span> <span class='ocrx_word' id='word_1_145' title='bbox 440 1792 717 1866; x_wconf 78' lang='lat' dir='ltr'><strong>precihusuibuissat,</strong></span> <span class='ocrx_word' id='word_1_146' title='bbox 727 1794 844 1853; x_wconf 75' lang='lat' dir='ltr'><strong>Achillas</strong></span> 
     </span>
     <span class='ocr_line' id='line_1_24' title="bbox 51 1867 667 1942; baseline 0.005 -21"><span class='ocrx_word' id='word_1_147' title='bbox 51 1878 89 1922; x_wconf 75' lang='lat'><strong>6⁹0</strong></span> <span class='ocrx_word' id='word_1_148' title='bbox 140 1875 211 1921; x_wconf 79' lang='lat' dir='ltr'><strong>vasta</strong></span> <span class='ocrx_word' id='word_1_149' title='bbox 221 1868 308 1923; x_wconf 85' lang='lat' dir='ltr'><strong>virum</strong></span> <span class='ocrx_word' id='word_1_150' title='bbox 319 1869 396 1942; x_wconf 80' lang='lat' dir='ltr'><strong>longa</strong></span> <span class='ocrx_word' id='word_1_151' title='bbox 405 1867 589 1924; x_wconf 71' lang='lat' dir='ltr'><strong>dissimulatus</strong></span> <span class='ocrx_word' id='word_1_152' title='bbox 601 1874 667 1925; x_wconf 81' lang='lat' dir='ltr'><strong>erat.</strong></span> 
     </span>
     <span class='ocr_line' id='line_1_25' title="bbox 104 1940 825 2007; baseline 0.01 -13"><span class='ocrx_word' id='word_1_153' title='bbox 104 1940 173 2007; x_wconf 79' lang='lat' dir='ltr'><strong>Quia</strong></span> <span class='ocrx_word' id='word_1_154' title='bbox 182 1940 256 2005; x_wconf 78' lang='lat' dir='ltr'><strong>iacis,</strong></span> <span class='ocrx_word' id='word_1_155' title='bbox 271 1941 398 1996; x_wconf 77' lang='lat' dir='ltr'><strong>Aeacida?</strong></span> <span class='ocrx_word' id='word_1_156' title='bbox 415 1944 474 1999; x_wconf 89' lang='lat' dir='ltr'><strong>Non</strong></span> <span class='ocrx_word' id='word_1_157' title='bbox 486 1950 605 2000; x_wconf 75' lang='lat' dir='ltr'><strong>suntuna</strong></span> <span class='ocrx_word' id='word_1_158' title='bbox 614 1960 729 1999; x_wconf 80' lang='lat' dir='ltr'><strong>munera</strong></span> <span class='ocrx_word' id='word_1_159' title='bbox 739 1944 825 2001; x_wconf 77' lang='lat' dir='ltr'><strong>lanae.</strong></span> 
     </span>
     <span class='ocr_line' id='line_1_26' title="bbox 141 2014 603 2091; baseline 0.006 -21"><span class='ocrx_word' id='word_1_160' title='bbox 141 2017 181 2071; x_wconf 89' lang='lat' dir='ltr'><strong>Tu</strong></span> <span class='ocrx_word' id='word_1_161' title='bbox 191 2014 280 2071; x_wconf 85' lang='lat' dir='ltr'><strong>titulos</strong></span> <span class='ocrx_word' id='word_1_162' title='bbox 291 2015 340 2071; x_wconf 87' lang='lat' dir='ltr'><strong>alia</strong></span> <span class='ocrx_word' id='word_1_163' title='bbox 349 2015 464 2072; x_wconf 87' lang='lat' dir='ltr'><strong>Palladis</strong></span> <span class='ocrx_word' id='word_1_164' title='bbox 473 2026 527 2073; x_wconf 85' lang='lat' dir='ltr'><strong>arte</strong></span> <span class='ocrx_word' id='word_1_165' title='bbox 536 2026 603 2091; x_wconf 77' lang='lat' dir='ltr'>pete.</span> 
     </span>
     <span class='ocr_line' id='line_1_27' title="bbox 104 2090 842 2167; baseline 0.001 -21"><span class='ocrx_word' id='word_1_166' title='bbox 104 2090 231 2158; x_wconf 86' lang='lat' dir='ltr'><strong>Quidtibi</strong></span> <span class='ocrx_word' id='word_1_167' title='bbox 241 2090 435 2147; x_wconf 82' lang='lat' dir='ltr'><strong>cumcalathis‘?</strong></span> <span class='ocrx_word' id='word_1_168' title='bbox 453 2091 652 2167; x_wconf 71' lang='lat' dir='ltr'><strong>Clypeomanus</strong></span> <span class='ocrx_word' id='word_1_169' title='bbox 658 2100 719 2164; x_wconf 80' lang='lat' dir='ltr'><strong>apta</strong></span> <span class='ocrx_word' id='word_1_170' title='bbox 725 2092 842 2149; x_wconf 76' lang='lat' dir='ltr'>serendo.</span> 
     </span>
     <span class='ocr_line' id='line_1_28' title="bbox 141 2166 846 2240; baseline 0.001 -18"><span class='ocrx_word' id='word_1_171' title='bbox 141 2168 224 2223; x_wconf 85' lang='lat' dir='ltr'><strong>Pensa</strong></span> <span class='ocrx_word' id='word_1_172' title='bbox 234 2167 301 2240; x_wconf 91' lang='lat' dir='ltr'><strong>quid</strong></span> <span class='ocrx_word' id='word_1_173' title='bbox 310 2167 339 2222; x_wconf 90' lang='lat' dir='ltr'><strong>in</strong></span> <span class='ocrx_word' id='word_1_174' title='bbox 349 2166 450 2233; x_wconf 86' lang='lat' dir='ltr'><strong>dextra,</strong></span> <span class='ocrx_word' id='word_1_175' title='bbox 471 2185 524 2239; x_wconf 88' lang='lat' dir='ltr'><strong>qua</strong></span> <span class='ocrx_word' id='word_1_176' title='bbox 536 2167 722 2232; x_wconf 62' lang='lat' dir='ltr'><strong>oadafflacw,</strong></span> <span class='ocrx_word' id='word_1_177' title='bbox 745 2166 846 2223; x_wconf 64' lang='lat' dir='ltr'><strong>haba*</strong></span> 
     </span>
     <span class='ocr_line' id='line_1_29' title="bbox 52 2240 679 2315; baseline 0.003 -20"><span class='ocrx_word' id='word_1_178' title='bbox 52 2254 90 2296; x_wconf 72' lang='lat' dir='ltr'><strong>aas</strong></span> <span class='ocrx_word' id='word_1_179' title='bbox 104 2244 190 2298; x_wconf 84' lang='lat' dir='ltr'><strong>Reiice</strong></span> <span class='ocrx_word' id='word_1_180' title='bbox 199 2244 344 2301; x_wconf 76' lang='lat' dir='ltr'><strong>succinctos</strong></span> <span class='ocrx_word' id='word_1_181' title='bbox 354 2260 462 2315; x_wconf 87' lang='lat' dir='ltr'><strong>operoso</strong></span> <span class='ocrx_word' id='word_1_182' title='bbox 471 2241 583 2297; x_wconf 85' lang='lat' dir='ltr'><strong>stamina</strong></span> <span class='ocrx_word' id='word_1_183' title='bbox 595 2240 679 2297; x_wconf 83' lang='lat' dir='ltr'><strong>fusos.</strong></span> 
     </span>
     <span class='ocr_line' id='line_1_30' title="bbox 142 2316 682 2382; baseline 0 -10"><span class='ocrx_word' id='word_1_184' title='bbox 142 2317 296 2382; x_wconf 86' lang='lat' dir='ltr'><strong>Quassanda</strong></span> <span class='ocrx_word' id='word_1_185' title='bbox 303 2327 342 2375; x_wconf 82' lang='lat' dir='ltr'><strong>ast</strong></span> <span class='ocrx_word' id='word_1_186' title='bbox 349 2319 400 2374; x_wconf 81' lang='lat' dir='ltr'><strong>ista</strong></span> <span class='ocrx_word' id='word_1_187' title='bbox 407 2317 492 2374; x_wconf 84' lang='lat' dir='ltr'><strong>Pelias</strong></span> <span class='ocrx_word' id='word_1_188' title='bbox 504 2316 578 2371; x_wconf 86' lang='lat' dir='ltr'><strong>hasta</strong></span> <span class='ocrx_word' id='word_1_189' title='bbox 589 2333 682 2372; x_wconf 89' lang='lat' dir='ltr'><strong>manu.</strong></span> 
     </span>
     <span class='ocr_line' id='line_1_31' title="bbox 105 2389 709 2466; baseline 0.003 -23"><span class='ocrx_word' id='word_1_190' title='bbox 105 2391 181 2444; x_wconf 78' lang='lat' dir='ltr'><strong>Forte</strong></span> <span class='ocrx_word' id='word_1_191' title='bbox 189 2400 243 2445; x_wconf 82' lang='lat' dir='ltr'><strong>erat</strong></span> <span class='ocrx_word' id='word_1_192' title='bbox 252 2395 280 2447; x_wconf 89' lang='lat' dir='ltr'><strong>in</strong></span> <span class='ocrx_word' id='word_1_193' title='bbox 290 2393 404 2448; x_wconf 80' lang='lat' dir='ltr'><strong>thalamo</strong></span> <span class='ocrx_word' id='word_1_194' title='bbox 414 2393 489 2466; x_wconf 81' lang='lat' dir='ltr'><strong>virgo</strong></span> <span class='ocrx_word' id='word_1_195' title='bbox 499 2389 594 2465; x_wconf 79' lang='lat' dir='ltr'><strong>regalis</strong></span> <span class='ocrx_word' id='word_1_196' title='bbox 603 2390 709 2446; x_wconf 80' lang='lat' dir='ltr'>eodem:</span> 
     </span>
     <span class='ocr_line' id='line_1_32' title="bbox 142 2462 703 2539; baseline 0.005 -22"><span class='ocrx_word' id='word_1_197' title='bbox 142 2465 206 2520; x_wconf 84' lang='lat' dir='ltr'><strong>haec</strong></span> <span class='ocrx_word' id='word_1_198' title='bbox 215 2462 291 2518; x_wconf 87' lang='lat' dir='ltr'><strong>illum</strong></span> <span class='ocrx_word' id='word_1_199' title='bbox 301 2474 392 2538; x_wconf 79' lang='lat' dir='ltr'><strong>stupro</strong></span> <span class='ocrx_word' id='word_1_200' title='bbox 403 2468 529 2539; x_wconf 83' lang='lat' dir='ltr'><strong>comperit</strong></span> <span class='ocrx_word' id='word_1_201' title='bbox 537 2482 595 2521; x_wconf 79' lang='lat' dir='ltr'><strong>esse</strong></span> <span class='ocrx_word' id='word_1_202' title='bbox 603 2466 703 2520; x_wconf 83' lang='lat' dir='ltr'><strong>virum.</strong></span> 
     </span>
     <span class='ocr_line' id='line_1_33' title="bbox 106 2537 843 2614; baseline 0.004 -22"><span class='ocrx_word' id='word_1_203' title='bbox 106 2538 214 2592; x_wconf 88' lang='lat' dir='ltr'><strong>Viribus</strong></span> <span class='ocrx_word' id='word_1_204' title='bbox 227 2537 273 2593; x_wconf 86' lang='lat' dir='ltr'><strong>illa</strong></span> <span class='ocrx_word' id='word_1_205' title='bbox 282 2541 390 2610; x_wconf 86' lang='lat' dir='ltr'><strong>quidem</strong></span> <span class='ocrx_word' id='word_1_206' title='bbox 402 2541 471 2595; x_wconf 84' lang='lat' dir='ltr'><strong>victa</strong></span> <span class='ocrx_word' id='word_1_207' title='bbox 480 2548 534 2609; x_wconf 84' lang='lat' dir='ltr'><strong>est;</strong></span> <span class='ocrx_word' id='word_1_208' title='bbox 564 2539 600 2595; x_wconf 78' lang='lat' dir='ltr'><strong>ita</strong></span> <span class='ocrx_word' id='word_1_209' title='bbox 610 2538 715 2596; x_wconf 78' lang='lat' dir='ltr'>credero</span> <span class='ocrx_word' id='word_1_210' title='bbox 726 2550 843 2614; x_wconf 81' lang='lat' dir='ltr'>oportet:</span> 
     </span>
     <span class='ocr_line' id='line_1_34' title="bbox 53 2611 635 2671; baseline 0 -4"><span class='ocrx_word' id='word_1_211' title='bbox 53 2624 91 2668; x_wconf 72' lang='grc' dir='ltr'><strong>τοο</strong></span> <span class='ocrx_word' id='word_1_212' title='bbox 142 2612 188 2669; x_wconf 86' lang='lat' dir='ltr'><strong>sed</strong></span> <span class='ocrx_word' id='word_1_213' title='bbox 197 2611 281 2671; x_wconf 83' lang='lat' dir='ltr'><strong>voluit</strong></span> <span class='ocrx_word' id='word_1_214' title='bbox 290 2614 361 2669; x_wconf 87' lang='lat' dir='ltr'><strong>vinci</strong></span> <span class='ocrx_word' id='word_1_215' title='bbox 372 2613 474 2669; x_wconf 87' lang='lat' dir='ltr'><strong>viribus</strong></span> <span class='ocrx_word' id='word_1_216' title='bbox 484 2614 528 2670; x_wconf 90' lang='lat' dir='ltr'><strong>illa</strong></span> <span class='ocrx_word' id='word_1_217' title='bbox 538 2623 635 2669; x_wconf 84' lang='lat' dir='ltr'><strong>tamen.</strong></span> 
     </span>
    </p>
   </div>
   <div class='ocr_carea' id='block_1_3' title="bbox 0 0 901 2992">
    <p class='ocr_par' dir='ltr' id='par_1_3' title="bbox 0 0 901 2992">
     <span class='ocr_line' id='line_1_35' title="bbox 0 0 901 2992; baseline 0 0"><span class='ocrx_word' id='word_1_218' title='bbox 0 0 901 2992; x_wconf 95' lang='lat' dir='ltr'><strong> </strong></span> 
     </span>
    </p>
   </div>
  </div>
 </body>
</html>
