1770 2992
177 151 225 204 tet
364 157 392 203 Ρ.
412 155 540 202 0v1n11
557 138 732 203 uesom's

355 354 593 413 ccccm
628 313 739 413 xlx.

177 471 581 546 Sitibinonopusestservatc‚
601 474 699 542 stulte,
722 477 782 548 puel

212 560 239 607 at
250 551 317 606 mihi
328 549 369 605 fec
378 567 481 615 serves,
503 567 557 622 quo
566 550 654 623 magis
665 551 726 622 ipse
736 552 782 607 vel:

176 627 253 694 Quod
263 625 335 689 licet,
360 626 496 699 ingratum
509 632 562 679 est:
584 625 658 697 quod
668 643 725 682 non
739 627 782 682 lice

651 700 718 755 urit.

213 776 324 829 Ferreus
333 781 386 838 est,
408 773 519 846 siquis,
539 773 612 844 quod
623 773 690 829 sinit
700 775 782 842 alter,

123 864 134 904 5
176 850 317 920 Speremus
326 849 437 921 puriter,
457 848 554 920 pariter
564 855 720 904 metuamus
731 868 782 906 amt

213 930 239 978 ct
247 921 325 978 faciat
337 930 396 979 voto
406 940 464 978 rara
474 920 579 995 repulse
589 920 689 978 locum.

176 998 234 1065 Quo
244 997 312 1052 mihi
322 997 464 1066 fortunam,
486 1014 556 1069 quae
565 1014 708 1069 nunquam
720 999 782 1054 falle

213 1071 257 1126 Nil
303 1091 332 1138 0,
353 1072 426 1145 quod
437 1070 512 1128 nullo
521 1079 638 1143 tempore
651 1071 753 1142 laedat,
774 1093 782 1128 ε

175 1147 282 1203 Viderat
310 1147 376 1203 ocin
388 1165 429 1202 mc
438 1147 536 1202 vitium
545 1153 652 1202 versuta
662 1147 779 1204 Corinna

123 1235 147 1277 tu
212 1238 320 1293 quaque
327 1222 385 1291 capi
395 1237 500 1292 possem
511 1262 517 1287 ,
538 1220 634 1275 callide
647 1230 724 1278 norat
736 1241 782 1296 ope

175 1295 744 1369 Ahquotiessanicapitismentitadolores‚

212 1377 378 1427 cunctantem
391 1370 465 1426 tardo
474 1370 554 1425 iussit
564 1370 636 1425 ubire
645 1372 728 1442 pedet

175 1443 547 1519 Ahquotiesfinxitculpum‚
567 1453 757 1519 quantumque
766 1447 782 1502 li

213 1521 326 1576 insontis
336 1519 450 1592 speciem
459 1520 582 1591 praebuit
591 1520 650 1591 ipse
660 1523 774 1577 nocens!

122 1609 146 1650 15
175 1594 274 1651 Sicubi
284 1601 403 1660 vexarat,
424 1593 580 1667 tepidosque
589 1593 719 1650 refoverat
733 1597 781 1670 ign

213 1688 307 1725 rursus
317 1677 371 1725 emt
379 1669 448 1725 votis
457 1669 540 1725 comis
549 1676 575 1724 et
583 1679 643 1741 apta
654 1671 733 1725 meis.

175 1745 247 1812 Quas
260 1745 327 1798 mihi
340 1743 499 1810 blanditias„
510 1761 592 1817 quam
602 1743 692 1800 dulcia
702 1745 783 1800 verba

72 1890 76 1895 Ι
212 1817 323 1882 Oscula,
343 1817 371 1873 di
382 1819 487 1892 magni,
506 1817 595 1890 qualia
605 1827 725 1892 quotque
735 1819 782 1874 dat

175 1893 215 1946 Tu
225 1908 345 1964 quoque,
368 1909 437 1962 quae
449 1900 551 1949 nostros
561 1893 673 1965 rapuisti
684 1911 771 1965 nuper

121 1977 145 2018 20
210 1982 288 2036 saepe
297 1964 351 2019 face
360 1964 485 2033 insidias,
506 1985 583 2039 saepe
596 1975 683 2041 rogata
694 1986 776 2042 nega:

173 2047 198 2094 et
209 2040 267 2096 sine
279 2057 335 2106 me,
360 2048 419 2096 unte
429 2049 489 2097 tuos
498 2043 643 2114 proiectum
653 2043 682 2097 in
694 2041 782 2100 limine

211 2114 288 2190 longa
298 2115 423 2188 pruinosa
437 2115 618 2191 frigorassnocte
625 2117 688 2188 pati.

173 2191 217 2246 Sic
229 2192 297 2246 mihi
307 2192 385 2246 durat
397 2209 479 2256 amer,
492 2191 638 2265 longosque
647 2191 774 2246 adolescit

212 2269 265 2322 Hoc
275 2267 361 2323 iuvat:
383 2267 539 2322 haecanimi
550 2274 614 2321 sunt
624 2266 749 2321 alimenta
759 2285 782 2321 m

121 2352 145 2395 25
174 2340 286 2414 Pinguis
295 2359 368 2396 emor
378 2342 548 2414 nimiumque
556 2349 650 2414 potens
660 2342 688 2396 in
699 2341 782 2396 taedia

210 2416 334 2483 vertitur3
355 2424 380 2469 et
389 2416 536 2482 stomacho,
557 2415 644 2470 dulcis
654 2424 684 2470 ut
693 2433 768 2481 esca,

174 2489 201 2556 Si
212 2506 351 2561 nunquam
361 2491 467 2545 Danaen
480 2491 617 2545 habuisset
626 2493 706 2545 a'e'nea
716 2492 782 2546 turri

212 2581 265 2618 non
277 2571 345 2617 esset
354 2565 441 2619 Danae
451 2564 483 2619 de
493 2566 552 2619 Iove
563 2563 629 2620 facta
639 2583 745 2636 parens.

172 2640 241 2694 Dum
253 2645 341 2696 servat
350 2639 417 2696 Iuno
426 2640 560 2698 sinuatum
568 2641 694 2694 comibus
703 2643 741 2704 10„
