1770 2992
120 156 169 207 286
309 159 337 203 Ρ.
358 146 684 204 0v1n11unson1s‘

157 276 206 316 nec
214 274 322 312 servum
333 256 405 313 vitiis
413 263 506 328 pectus
516 252 615 313 habere
627 275 722 313 enum.

66 348 92 391 55
119 335 235 389 Vixisset
245 331 358 406 Phyllis,
378 331 401 385 si
411 348 454 385 me
462 330 528 388 foret
537 349 586 386 usn
596 333 742 406 magistro,

157 417 182 464 et
191 426 238 480 per
246 407 319 480 quod
328 407 429 471 novies,
451 407 558 478 saepius
568 406 634 462 isset
643 407 710 463 iter:

121 501 169 539 nee
179 482 295 538 moriens
304 481 370 537 Dido
379 497 486 536 summa
496 480 608 536 vidisset
620 481 655 536 eb
665 498 726 538 arne

157 556 302 613 Dardanias
311 563 390 613 vento
398 553 456 611 vela
468 554 573 610 dedisse
585 563 671 611 rates:

121 649 169 688 nec
178 632 252 687 dolor
261 637 485 686 armasseteontrn
495 648 544 685 eun
552 631 657 686 viscera
667 638 787 697 matrem,

67 719 92 762 tt
157 723 226 779 qune
237 705 301 760 socii
311 705 409 760 damno
418 704 559 778 sanguinis
569 703 626 761 ulte
638 705 732 761 virum
741 715 787 761 eet.

120 780 183 838 Arte
192 797 250 835 mea
260 780 372 844 Tereus,
393 779 519 850 quamvis
528 779 675 836 Philomela
685 780 803 852 plaeeret,

157 873 205 928 per
215 853 319 909 fucinus
330 853 386 908 fieri
396 872 450 909 non
461 853 602 910 meruisset
611 855 681 911 uvis.

120 932 157 985 Dn
167 929 235 985 mihi
245 928 406 1000 Pasiphne'm
427 929 482 983 iam
493 928 562 984 tauri
572 937 654 1001 ponet
663 947 791 986 amorem:

157 1005 191 1060 dn
202 1003 363 1072 Phaedram
383 1002 518 1058 Phaedrae
527 1004 614 1076 turpis
624 1004 711 1060 abibit
721 1023 798 1060 emor.

68 1093 92 1134 tt
119 1079 208 1135 Redde
216 1078 295 1133 Pnrln
306 1078 397 1148 nohis3
417 1077 534 1133 Helenen
543 1077 680 1134 Menelaus
691 1079 805 1134 hebebit:

157 1171 205 1208 neo
214 1153 469 1209 manibusllnnnttm
479 1153 514 1207 Pe
546 1153 687 1209 emaviotn
695 1154 793 1209 eadent.

119 1230 204 1300 Impia
213 1229 236 1283 si
246 1236 350 1284 nostroe
360 1227 466 1300 legisset
475 1227 536 1302 Scyl
548 1245 563 1282 a
574 1225 689 1294 libellos,

157 1303 285 1358 haesisset
293 1302 372 1374 capiti
385 1319 518 1374 purpura,
537 1302 615 1369 Nise,
637 1311 694 1359 tno.

120 1378 162 1433 Me
170 1378 237 1433 duee
246 1378 401 1443 damnosas,
421 1376 553 1443 homines,
572 1379 733 1450 compescite
740 1394 821 1433 eures:

67 1463 92 1507 tn
157 1451 450 1524 rectaqueoumsociis,
471 1451 599 1518 medune,
611 1453 760 1509 'naviseet

120 1528 190 1581 Naso
203 1526 330 1600 legenuus
341 1537 396 1582 erat
405 1536 469 1583 tune
478 1545 563 1600 quum
573 1526 706 1583 didicistis
717 1543 811 1592 amare,

159 1601 230 1655 idem
239 1619 312 1657 nunc
320 1603 398 1658 vobis
408 1604 478 1658 Naso
488 1599 617 1675 legendus
626 1604 686 1657 erit.

121 1675 247 1730 Publicus
256 1686 369 1732 assertor
377 1677 449 1732 vitiis
459 1693 602 1749 suppressa
612 1675 707 1733 levabo

157 1760 275 1821 pectora:
296 1752 428 1807 iindictae
437 1753 553 1826 quisque
563 1750 648 1807 faveto
658 1769 733 1807 sune.

67 1835 92 1878 75
120 1826 156 1879 Te
164 1840 264 1895 precor,
286 1834 393 1891 ovetes,
414 1827 483 1882 adsit
492 1836 536 1882 tun
547 1826 636 1880 laurea
645 1827 735 1894 nohis,

156 1899 283 1953 carminis
292 1907 317 1953 et
326 1900 455 1966 medicae,
478 1901 593 1966 Phoebe,
613 1909 731 1972 repertor
741 1902 809 1974 opis:

120 1981 145 2030 et
153 1973 251 2047 pariter
260 1974 323 2038 vati,
344 1974 441 2044 pariter
450 1993 574 2032 succurre
584 1975 714 2031 medenti:

158 2057 271 2122 utraque
283 2049 378 2104 tutelae
387 2049 494 2104 subdita
503 2067 567 2106 curn
576 2057 637 2104 tuae
647 2059 698 2105 est.

120 2127 190 2182 Dum
200 2125 273 2193 lieet,
294 2131 319 2180 et
329 2123 426 2180 modici
435 2131 549 2198 tangunt
558 2125 711 2197 praecordia
720 2133 820 2180 motus:

68 2213 92 2254 tu
158 2202 277 2276 siplget,
298 2202 326 2256 in
336 2201 423 2274 primo
433 2199 526 2255 limine
535 2200 599 2255 siste
608 2199 714 2270 pedem.

121 2275 262 2347 Opprime,
291 2278 356 2333 dum
374 2294 442 2333 nova
461 2283 537 2341 sunt,
570 2275 653 2330 subiti
672 2273 743 2330 male
763 2275 848 2330 semini

598 2349 699 2418 morbi3

158 2431 183 2476 et
192 2431 272 2489 tuus,
293 2425 481 2495 incipiensire,
501 2424 605 2479 resistat
616 2441 713 2496 equus.

121 2496 189 2550 Nam
199 2497 416 2565 moradntvires,
439 2508 540 2555 teneras
550 2517 624 2553 mora
632 2500 771 2572 percoquit
780 2513 844 2554 uvae

158 2578 183 2623 et
192 2569 294 2625 validas
303 2579 413 2643 segeteS,
434 2574 665 2645 quodluitherbn,
686 2573 757 2628 facit.

64 2653 92 2696 8⁵
120 2641 194 2708 Onne
197 2645 309 2719 praebet
318 2643 384 2703 latas
395 2647 474 2707 arbor
483 2648 794 2723 spauunttnusumnm,

92 2894 139 2924 Δ
215 2900 233 2923 ι
