1770 2992
163 146 196 197 52
360 150 387 194 P.
409 148 535 196 0v1n11
552 148 720 196 NASONIS

164 252 237 306 Num
247 249 338 303 minus
348 247 484 316 infestum,
495 247 617 305 funebria
626 267 748 316 munera,
759 248 853 305 ferrum
870 258 875 269 '

109 338 134 380 πο
200 324 313 380 feminea
323 331 406 390 tenco,
418 342 471 380 non
481 340 539 380 mea
549 324 608 390 tela,
623 323 724 381 manui

164 398 310 466 Ominum,
321 400 451 466 Macareu,
464 417 533 472 quae
541 417 590 456 ncs
599 400 734 457 commisit
743 399 772 455 in
784 416 870 463 uuum,

201 475 317 531 venisset
328 474 379 530 leto
387 474 469 530 serior
478 473 542 529 hora
552 474 625 531 meci

165 550 219 606 Cur
228 567 349 623 unquam
359 549 421 621 plus
430 567 482 614 me,
495 548 581 616 irater,
593 567 676 622 quam
687 548 768 605 irater
776 545 876 607 amasti?

201 634 227 681 ct
235 625 293 691 tibi,
305 643 358 681 non
369 625 445 679 debet
454 624 527 698 quod
536 643 609 681 soror
618 642 685 691 esse,
696 623 755 679 tui?

110 714 135 756 rs
164 703 223 774 Ipsa
232 716 339 772 quoque
352 698 464 755 incalui:
486 698 647 773 qualemque
656 699 750 755 audire
758 694 877 761 sciebam,

203 774 291 830 nescio
300 791 382 846 quem
392 774 464 830 sensi
473 774 550 830 corda
559 782 662 846 tepente
671 774 763 830 deum.

165 851 280 924 Fugerat
289 866 332 903 ore
342 849 421 916 color,
432 850 584 922 maciesque
596 849 743 905 obduxerat
751 855 837 905 artus:

203 923 343 979 sumebant
352 925 478 980 minimos
489 942 533 980 ora
543 932 630 980 coacta
639 925 723 981 cibos.

165 1001 219 1055 Nec
227 998 315 1053 somni
324 996 423 1063 faciles,
435 1006 460 1053 et
469 1017 523 1054 nox
532 1007 587 1055 erat
596 1017 686 1055 annua
698 999 788 1056 nobis:

110 1087 135 1129 30
201 1081 226 1128 et
234 1073 363 1148 gemitum
374 1072 448 1129 nullo
458 1072 528 1128 laesa
537 1073 626 1131 dolore
635 1074 742 1130 dabam.

165 1150 232 1215 Nec,
246 1165 294 1203 cur
303 1148 366 1202 haec
375 1147 497 1215 iacerem,
508 1156 626 1221 poteram
636 1149 704 1204 mihi
713 1149 820 1205 reddere
828 1162 877 1204 caut

667 1241 740 1280 scm:

202 1314 361 1364 monerem,
373 1296 440 1371 quid
450 1306 632 1354 amansessct:
654 1298 845 1354 atilluderam.

164 1375 252 1430 Prima
262 1371 364 1429 malum
374 1372 466 1429 nutrix
475 1373 565 1429 animo
574 1374 722 1447 praesensit
730 1374 810 1435 anili:

200 1450 287 1521 prima
297 1449 364 1506 mihi
373 1448 473 1515 nutrix,
484 1448 568 1515 Aeoli,
579 1448 656 1515 dixit,
670 1466 756 1505 amas.

111 1536 135 1577 ³5
163 1525 278 1592 Erubui,
289 1525 443 1600 gremioque
453 1524 539 1598 pudor
547 1522 641 1581 deiecit
649 1522 755 1580 ocellos.
816 1561 819 1567 ·

200 1601 270 1654 Haec
279 1600 343 1654 satis
353 1601 379 1654 in
392 1599 468 1654 tacita
481 1599 559 1672 signa
568 1596 672 1655 fatentis
682 1606 766 1655 erant.

164 1677 274 1746 iamque
283 1673 464 1728 tumescebant
473 1673 557 1729 vitiati
567 1672 683 1745 pondera
692 1675 803 1740 ventris,

201 1764 331 1821 aegraque
341 1744 471 1802 furtivum
481 1748 600 1804 membra
608 1748 737 1822 gravabat
746 1767 824 1807 onus.

164 1823 235 1889 Quas
246 1820 313 1876 mihi
323 1837 376 1875 non
386 1817 491 1887 herbas,
498 1840 566 1894 quae
571 1841 624 1880 ncn
634 1819 877 1881 medicaminanutri

110 1906 135 1952 tc
199 1895 303 1960 Attulit,
315 1893 407 1949 audaci
417 1897 611 1970 supposuitque
620 1916 712 1964 manu,

164 1979 194 2027 ut
202 1971 309 2042 penitus
319 1969 416 2024 nostris
427 1969 485 2044 (hoc
496 1980 520 2027 te
532 1972 677 2030 celavimus
686 1973 796 2047 unum,)
827 2016 830 2021 .

201 2045 348 2102 visceribus
359 2062 479 2101 crescens
488 2056 653 2103 excuteretur
661 2046 750 2103 onus?

163 2121 205 2177 Ah
214 2119 329 2179 nimium
341 2120 422 2184 vivax
431 2121 543 2179 admotis
553 2123 645 2178 restitit
657 2121 743 2180 inians

201 2196 312 2262 artibus,
323 2203 348 2251 et
361 2204 425 2251 tecto
434 2204 507 2252 tutus
517 2198 551 2253 ab
561 2198 635 2253 hoste
644 2197 704 2255 fuit.

110 2279 134 2324 45
163 2273 217 2325 lam
229 2271 321 2326 novies
331 2280 386 2328 erat
394 2280 450 2327 crta
459 2271 718 2344 scrorpulcherrima
727 2273 838 2340 Phoebi,

200 2345 321 2418 denaque
331 2346 453 2403 luciferos
463 2348 540 2402 Luna
549 2348 671 2404 movebat
680 2365 778 2420 equos:

163 2421 251 2475 nescia
261 2439 330 2493 quae
340 2421 434 2476 faceret
443 2423 545 2478 subitos
559 2423 624 2478 mihi
636 2441 730 2479 caussa
743 2422 861 2489 dolores,

193 2503 221 2552 et
227 2497 306 2553 rudis
315 2497 349 2554 ad
357 2504 465 2572 partus,
477 2505 502 2554 et
511 2516 584 2554 noca
591 2497 671 2553 uides
680 2514 766 2551 eram.

138 2571 199 2627 N00
209 2575 288 2632 lellus
298 2595 404 2635 vocem.
428 2575 517 2646 Quid,
529 2575 577 2640 ait,
589 2581 641 2626 tua
648 2565 877 2633 existimemus*

62 2648 96 2690 5⁹
167 2666 280 2728 mque
290 2655 451 2715 clamantis
463 2645 700 2723 consciapressit
710 2653 797 2691 auus.
