1770 2992
123 163 157 216 74
322 169 350 214 Ρ.
371 167 682 214 ov1n11unsoct1s

71 282 95 323 to
160 278 185 324 et
194 268 320 323 manatio
329 284 411 322 cursu
420 266 625 338 semperacenha
635 263 703 322 suo‘l

124 343 175 399 Sex
188 342 255 398 mihi
266 341 364 397 natales
374 341 466 407 ierant,
477 358 563 414 quum
573 338 638 395 lecta
647 339 763 413 parentis

161 424 220 472 ante
229 417 300 471 diem
309 415 430 470 lacrimas
438 433 498 470 ossa
509 415 599 470 bibaro
607 431 691 470 mmo.

126 493 195 548 Arsit
205 493 282 563 inops
291 489 378 556 irater,
389 498 481 563 captus
491 490 635 544 meretricis
644 504 747 557 amore;

162 568 294 638 mistaque
302 583 365 620 cum
373 565 444 636 turpi
454 565 552 619 damna
560 564 661 636 pudore
669 563 740 619 tulit.

72 657 96 698 aa
126 642 309 712 Factusinops
355 639 381 694 'li
391 639 493 712 peragit
502 637 566 692 irata
576 637 774 704 caerulnromo3

162 732 284 787 quasque
293 731 336 769 ma
347 714 468 778 comisit,
480 729 552 768 nuuc
561 711 631 767 male
639 713 744 784 quaerit
753 724 815 783 opes.

127 793 168 846 Me
177 806 293 861 quoque,
304 788 376 860 quod
386 787 478 842 monui
488 787 556 843 hene
564 786 649 842 multa
658 786 777 851 fideliter,
786 780 831 840 odil

162 867 215 920 lloc
225 864 292 918 mihi
302 862 416 927 libertas,
427 861 477 917 hoc
485 862 529 933 pia
538 861 629 935 lingua
639 861 720 917 dedit.

125 941 159 996 Et
168 948 303 1010 tamquam
312 936 408 1003 desint,
419 954 488 1065 <puae
497 953 540 991 me
549 936 607 991 sine
617 935 672 992 fine
681 935 796 1010 fatigent.

72 1026 98 1068 lt
163 1010 644 1083 accumulatcurosfiiaparvameas.

126 1088 223 1144 Ultima
232 1095 260 1142 tu
272 1087 367 1142 nostris
377 1085 478 1140 omeliis
486 1102 579 1142 caussa
588 1084 712 1158 querelis

163 1165 221 1218 Non
232 1161 319 1236 agitur
327 1167 405 1216 vento
415 1168 503 1215 nostra
512 1159 601 1215 carina
612 1177 671 1216 suo.
741 1225 744 1231 ,

126 1239 201 1303 Eece,
215 1237 298 1291 iacent
307 1234 374 1291 collo
383 1235 468 1306 sparsi
480 1234 538 1288 sine
548 1233 606 1308 lego
613 1233 718 1307 capilli:

164 1330 212 1369 nec
222 1310 319 1384 premit
327 1308 451 1365 articulos
461 1308 548 1364 lucida
557 1325 663 1383 gemma
675 1326 758 1364 meos.

74 1401 99 1442 75
129 1391 204 1443 Veste
212 1395 284 1462 tegor
293 1385 355 1442 vili:
375 1383 481 1440 nullum
492 1384 569 1439 estin
578 1383 699 1438 crinibus
708 1398 811 1439 aurum:

164 1481 217 1518 non
227 1462 314 1517 Arabo
323 1470 411 1518 noster
420 1477 478 1516 rore
487 1458 599 1530 capillus
607 1457 670 1514 olet.

129 1537 178 1593 Cui
188 1536 259 1592 colar
268 1535 370 1601 infelix,
381 1544 428 1591 aut
435 1535 480 1590 cui
489 1533 622 1606 placuisse
630 1531 765 1589 laborem?

165 1611 211 1666 Ille
221 1609 273 1664 mei
282 1609 371 1664 cultus
381 1610 477 1665 unicus
488 1616 577 1665 auctor
588 1609 672 1663 abest.

127 1684 205 1741 Molle
214 1699 304 1738 meum
315 1682 419 1738 levibus
427 1700 473 1739 cor
483 1691 524 1738 est
533 1681 658 1739 violabile
667 1681 740 1738 telis:

75 1773 99 1814 80
164 1771 189 1813 et
199 1772 302 1828 semper
311 1774 406 1812 caussa
414 1766 462 1824 cst,
474 1774 693 1832 curegosempcr
702 1772 794 1812 amam.

127 1832 233 1887 Siveita
243 1831 359 1885 nascenti
369 1831 453 1906 legem
463 1831 553 1887 dixero
561 1832 681 1900 Sorores;

164 1924 212 1962 neo
221 1906 280 1960 data
290 1913 354 1960 sunt
361 1906 429 1962 vitae
441 1907 485 1962 fila
495 1925 584 1962 severa
594 1923 682 1962 meas:

128 1982 185 2036 sive
196 1981 294 2036 abeunt
302 1981 389 2036 studia
399 1982 427 2036 in
438 1999 534 2048 mores,
546 1982 663 2050 artisque
672 1980 796 2054 magistra

164 2055 303 2129 ingenium
313 2056 389 2111 nobis
399 2056 478 2112 molle
488 2056 579 2111 Thalia
590 2055 660 2110 iacit.

75 2145 99 2184 85
127 2130 198 2196 Quid
209 2129 318 2196 mirum,
329 2131 353 2186 si
362 2149 405 2187 me
414 2132 515 2203 primae
528 2130 663 2205 lanuginis
673 2137 744 2184 aetas

164 2204 281 2271 abstulit,
294 2214 372 2278 alque
382 2207 455 2273 anni,
466 2223 534 2278 quos
544 2205 586 2260 vir
595 2221 683 2259 amare
692 2201 793 2274 potasti

128 2281 205 2334 Hunc
214 2297 248 2334 ne
256 2297 304 2350 pro
313 2280 428 2352 Cephalo
440 2298 555 2352 raperes,
566 2279 678 2344 Aurora,
691 2279 824 2334 timebam.

164 2352 316 2409 Etiacercs:
336 2356 416 2410 sedte
425 2355 613 2426 primarapina
626 2362 705 2409 tenet.

129 2429 205 2484 llunc
214 2429 237 2482 si
249 2430 400 2501 conspiciat,
411 2447 480 2502 quae
489 2430 617 2500 conspicit
626 2429 726 2493 omnia,
736 2426 831 2484 Phoebe

40 2527 42 2529 >
63 2516 92 2557 90
157 2504 251 2560 iussus
260 2504 310 2561 erit
323 2524 434 2563 somnos
443 2503 717 2561 continuanelliaon.

103 2580 190 2637 Hunc
203 2583 297 2640 Venus
314 2583 344 2642 in
356 2582 470 2642 coelum
480 2596 569 2634 curru
580 2575 702 2631 uenisset
710 2571 831 2627 enuenoa

133 2658 188 2714 sed
198 2661 278 2720 videt
288 2671 319 2720 et
329 2661 416 2722 Marti
428 2673 518 2735 posse
525 2653 638 2727 placens
648 2660 713 2698 suo.
