1770 2992
114 174 281 223 nolum
298 178 371 223 LIB.
391 178 411 224 1.
429 179 484 224 EL.
505 181 529 225 9.
644 175 692 229 445

98 284 288 335 musmones
296 276 484 351 duplicataque
494 280 585 335 nimbo

100 371 108 407 :
130 359 271 427 congestae
279 351 544 409 contemtillenivee.

99 427 353 483 mauruntumidos
363 427 530 483 oeussabimr
538 430 634 497 Euros,

103 501 243 558 verrendis
254 501 341 558 sidera
350 511 459 575 quaeret
467 504 556 576 aquis.

99 575 156 633 ivel
166 575 245 632 milae
255 575 298 633 vel
308 594 416 642 amans,
437 585 463 632 et
472 576 505 633 fri
525 597 570 635 ora
580 582 664 636 noctis
722 597 746 637 15

109 651 204 707 misiae
213 649 325 724 perferet
334 650 420 707 imbre
429 596 525 708 nivesg

99 724 176 782 festae
184 724 251 782 alter
260 725 409 799 speculator
421 727 449 782 in
459 728 561 800 hostes3

110 800 202 858 oeulos
212 799 291 868 alter,
313 801 439 868 uthoste,
460 809 539 860 tenet.

105 876 202 944 urbes,
223 875 267 931 hio
276 875 359 932 durae
368 875 450 932 limen
459 880 559 935 amicae

118 950 263 1025 hieportas
272 950 386 1026 (mugit,
407 951 575 1011 atillefores.
720 970 745 1012 aa

100 1034 172 1082 ratae
180 1026 306 1083 invadere
315 1026 415 1098 profuit
422 1028 521 1096 hostes,

99 1099 551 1177 etarmatavulgusinermemanu.

100 1176 560 1251 aeieiieeeideruntagminaRhesi;

100 1268 159 1306 ium
168 1251 238 1324 eapti
247 1251 400 1307 deseruistis
410 1253 483 1325 equi.

100 1325 212 1383 aiterum
221 1327 323 1382 somnis
332 1334 586 1394 amnemamnem,
720 1343 744 1385 ²5

100 1401 168 1474 ipitis
178 1401 300 1458 hostibus
310 1421 382 1458 arma
391 1409 509 1457 movent.

102 1476 215 1534 transire
224 1494 321 1533 manus
330 1476 500 1550 vigilumque
510 1484 636 1544 catervas,

100 1552 210 1608 tmiseri
221 1560 261 1608 est
269 1570 374 1625 semper
384 1552 499 1607 amantis
508 1569 586 1624 opus.

100 1646 134 1696 is,
146 1645 195 1683 nec
203 1635 272 1683 certa
281 1629 388 1698 Venus3
403 1627 521 1701 victique
530 1639 686 1704 resurgam

100 1719 193 1777 meges
202 1720 325 1777 unquam
336 1703 522 1776 posseiaeere‚
542 1704 651 1760 cadunt.
719 1722 743 1764 ³⁰

100 1778 153 1834 iam
163 1778 320 1852 quicunque
328 1778 433 1835 vocabit
442 1796 569 1847 amorem,

123 1853 227 1928 Ingenii
237 1861 278 1909 est
289 1854 448 1926 experientis¹
461 1873 545 1912 amor.

100 1928 310 1985 aueassriseide
319 1937 437 1986 moestus
446 1929 572 1988 Achilles.

101 2011 137 2068 et,
156 2003 270 2078 Argivas
280 2002 393 2079 frangite
402 2006 482 2062 Troe's
491 2025 565 2079 opes.

101 2076 287 2135 indiamaches
296 2077 481 2152 complexibus
492 2083 547 2137 ibat
557 2082 585 2138 in
596 2099 682 2138 arma:
718 2094 743 2137 aa

101 2170 184 2211 amca
204 2155 234 2209 iti
244 2172 313 2229 quae
322 2154 410 2221 daret,
431 2173 500 2212 uxor
509 2164 573 2210 erat.

101 2247 165 2285 oum
197 2229 278 2285 trides
287 2230 345 2287 visa
355 2229 503 2285 Priameide
512 2230 595 2285 fertur

101 2321 119 2359 ‚s
128 2304 220 2360 effusis
230 2305 402 2377 obstupuisse
411 2304 505 2360 comis.

101 2398 131 2436 ae
139 2379 287 2453 deprensus
296 2377 401 2436 fabrilia
411 2379 518 2455 vineula
530 2381 623 2443 sensit,

100 2455 192 2512 aeoelo
200 2454 290 2511 sabula
300 2453 374 2511 nulla
387 2453 447 2510 fuit.
718 2464 743 2509 io

101 2531 163 2605 gnie
172 2548 260 2598 eram,
280 2530 462 2604 discinctaque
472 2533 500 2586 in
511 2533 563 2588 otia
574 2539 667 2591 natus:

101 2614 131 2661 nt
139 2607 244 2662 animos
255 2604 337 2661 lectus
347 2614 372 2660 et
381 2607 477 2662 umbra
486 2624 570 2669 meos.

102 2680 539 2761 ravumformosaeeurapueiiae,
