1770 2992
150 145 181 195 80
331 148 361 193 P.
382 146 512 193 ovmu
529 146 699 193 ransom

149 251 217 304 Nam
232 264 317 319 neque
337 247 419 303 tristis
437 246 533 313 hiems,
553 263 641 319 neque
660 264 710 303 nos
722 246 777 303 lruo
793 262 851 319 appa

628 338 710 377 error.

96 410 121 453 so
188 397 312 453 Taenaris
322 405 363 451 est
371 396 450 452 classi
459 403 527 450 terra
536 397 617 468 petita
625 412 711 451 meae.

150 475 204 529 Nec
213 490 255 526 me
264 472 340 527 crede
349 470 447 526 fretum
455 488 556 525 meroes
565 478 686 542 portante
694 472 785 527 carina

189 547 298 603 findere.
318 546 391 612 Quas
401 546 495 609 habeo,
507 545 535 599 di
547 552 672 600 tueantur
681 563 756 617 opes.

151 625 205 677 Neo
217 623 295 677 venio
303 621 397 677 Graias
405 620 489 676 veluti
499 627 629 691 spectator
637 619 673 675 ad
680 622 773 675 urbes.

189 697 294 768 Oppida
303 704 367 750 sunt
378 695 453 768 regni
462 694 585 749 divitiora
595 694 658 749 mei.

99 783 123 825 au
153 773 189 826 Te
198 780 267 842 peto,
279 788 361 843 quam
371 769 437 825 lecto
445 766 547 842 pepigit
555 769 648 824 Venus
657 786 737 825 aurea
747 779 841 826 nostro.

189 848 226 900 Te
234 845 310 917 prius
318 844 416 917 optavi,
427 861 510 916 quam
519 844 587 898 mihi
596 851 658 899 nota
668 841 747 900 iores.

152 920 220 976 Ante
230 927 288 975 tuos
298 920 388 975 animo
397 918 462 984 vidi,
476 936 559 991 quam
569 917 681 984 lumine,
696 918 803 975 vultus:

190 996 277 1066 prima
285 994 336 1049 fuit
344 993 435 1049 vultus
446 993 540 1048 nuntia
548 992 618 1048 lama
628 992 678 1049 tui.

152 1073 207 1125 Neo
216 1078 304 1124 tamen
314 1078 354 1124 est
363 1068 472 1135 mirum,
483 1069 517 1134 si,
527 1068 597 1123 siout
605 1069 730 1140 oportuit,
741 1086 805 1125 aron

100 1153 124 1198 lo
191 1145 340 1199 missilibus
349 1143 408 1199 telis
418 1143 524 1199 eminus
534 1143 612 1208 ictus,
623 1161 694 1199 amo.

153 1221 196 1277 sic
205 1220 305 1293 placuit
314 1219 387 1274 latis:
407 1236 476 1291 quae
485 1235 519 1273 ne
526 1217 673 1273 convellere
681 1226 777 1284 tentes,

191 1296 279 1368 accipe
290 1312 352 1349 cum
365 1311 427 1348 vera
436 1293 505 1348 dicta
516 1292 597 1347 relata
605 1292 667 1347 lide.

153 1373 244 1428 Matris
254 1371 341 1426 adhue
349 1377 424 1425 utero
433 1376 509 1441 partu
520 1375 667 1423 remorante
675 1368 798 1423 tenebar:

190 1448 244 1503 iam
254 1446 382 1521 gravidus
390 1447 460 1500 iusto
469 1442 584 1516 pondere
592 1450 684 1497 venter
694 1450 760 1499 eret.
848 1474 851 1479 -

100 1530 125 1576 15
153 1523 200 1577 Illa
210 1523 262 1577 sibi
273 1523 406 1596 ingentem
416 1521 474 1575 visa
482 1527 522 1574 est
534 1520 586 1573 sub
595 1517 713 1591 imagine
725 1518 813 1573 somni

191 1596 375 1652 flammileram
384 1594 464 1664 pleno
473 1593 581 1648 reddero
590 1590 785 1649 ventrelaoem.

155 1671 254 1724 Territa
263 1668 412 1753 consurgit;
432 1667 823 1741 metuendaquenootisopaooe

192 1747 250 1800 visa
260 1744 317 1798 seni
327 1743 440 1807 Priamo,
453 1743 560 1798 vatibus
569 1742 624 1807 ille,
634 1741 723 1797 refert.

155 1819 284 1875 Arsurum
294 1815 396 1872 Paridis
406 1824 478 1871 vates
488 1818 559 1872 canit
568 1817 634 1873 Ilion
644 1817 713 1891 igni.

101 1908 126 1949 5ο
191 1891 314 1957 Pectoris
325 1898 356 1946 ut
364 1908 436 1946 nuno
446 1901 494 1958 est,
506 1892 551 1948 lax
560 1892 610 1947 luit
619 1891 664 1946 illa
674 1892 738 1948 mei.

155 1971 251 2025 Forma
260 1967 389 2040 vigorque
398 1968 491 2032 animi,
503 1967 628 2039 quamvis
636 1967 670 2021 de
678 1965 757 2038 plebe
764 1966 851 2023 videbo

194 2043 321 2098 indicium
332 2050 410 2097 tectae
420 2042 564 2097 nobilitatis
573 2050 656 2096 erant.

155 2121 203 2175 Est
213 2119 285 2174 loeus
296 2118 324 2173 in
334 2117 435 2173 mediae
444 2117 589 2172 nemorosis
599 2115 716 2171 vallibus
727 2117 788 2173 ldae

192 2195 295 2260 devius,
306 2203 331 2249 et
339 2195 420 2266 piceis
430 2192 590 2263 ilicibusque
598 2189 738 2262 frequens:

103 2281 127 2321 55
156 2270 203 2341 qui
214 2288 262 2324 uec
271 2271 328 2325 ovis
338 2268 465 2341 placidae,
480 2283 529 2321 nec
538 2265 653 2320 amantis
662 2283 726 2321 saxa
735 2265 851 2338 capellae¹

193 2362 241 2399 neo
251 2344 340 2415 patulo
349 2344 437 2399 tardae
445 2342 561 2413 carpitur
571 2358 616 2395 ore
625 2339 713 2395 bovis.

156 2420 224 2474 Hinc
233 2437 280 2492 ego
289 2419 432 2473 Dardaniae
441 2435 542 2481 muros,
554 2414 710 2486 excelsaque
719 2423 795 2481 tecta,

190 2494 289 2551 ctlreta
298 2492 478 2568 prospiciens,
491 2493 585 2549 arbore
593 2491 679 2545 nixus
688 2507 774 2543 eram.

133 2573 207 2629 Ecce
213 2573 322 2648 pedum
332 2571 421 2649 pulsu
430 2571 493 2628 visa
503 2578 545 2627 est
553 2567 627 2624 milii
635 2573 710 2619 terra
716 2560 840 2615 moueri:

65 2657 93 2699 ὅθ
162 2653 242 2729 (Vera
253 2653 366 2732 loquar,
386 2652 447 2711 veri
458 2651 514 2711 vix
520 2644 660 2706 habitura
669 2632 786 2702 iidemzi

63 2915 190 2944 *-
