1770 2992
118 151 167 206 206
306 153 336 198 1³.
357 151 483 198 ovlmi
500 148 672 197 NASONIS

118 257 140 311 0
151 254 253 311 utinam
263 251 381 308 adversis
389 250 533 324 tetigissem
542 248 663 304 carmina
672 251 770 316 Musis,

156 329 278 384 Phoebus
288 335 313 382 et
326 327 460 397 inceptum
470 323 633 379 destituisset
641 326 727 396 opus!

119 406 173 459 Nec
181 411 284 468 tamen,
304 409 335 457 ut
343 407 421 454 testes
430 415 488 454 mos
499 405 539 453 est
548 397 641 453 audire
648 401 753 471 poetas,
834 418 836 425 ·

65 491 91 535 20
156 478 302 533 malueram
311 473 399 532 verbis
408 473 514 545 pondus
523 472 616 528 abesse
624 473 705 529 meis.

120 549 337 625 PernosScylln,
357 549 425 622 patri
435 565 515 604 canos
525 547 611 602 furata
620 548 743 620 capillos,

157 628 229 700 pube
238 625 334 697 premit
342 623 448 688 rabidos
459 622 674 697 inguinibusque
683 641 774 681 cenos.

121 703 175 758 Nos
184 701 297 772 pedibus
307 698 430 754 dedimus
435 714 547 770 pennas,
558 714 608 753 nos
614 697 740 767 crinibm
748 714 836 774 unguo

159 776 242 831 victor
250 772 410 828 Abantiades
419 771 660 845 alitoierturcquo.

68 865 94 907 25
121 850 204 906 lidem
213 866 261 920 per
269 848 385 920 spatium
395 848 490 923 Tityon
499 847 669 919 porreximus
678 846 791 922 ingens,

159 930 185 978 et
194 923 243 978 tria
252 923 358 994 vipereo
370 921 481 977 lecimus
492 939 537 978 om
549 921 621 977 cani.

123 998 245 1054 Fecimus
254 996 418 1053 Enceladum
428 995 586 1052 iaculantem
595 994 670 1051 mille
680 994 800 1065 lacertis,

160 1069 668 1147 ambiguaocaptosvirginisoreviros.

123 1147 228 1203 Aeolios
238 1148 335 1203 Ithacis
344 1145 505 1206 inclusimus
511 1145 617 1201 utribus
628 1146 729 1202 Euros.

71 1234 96 1278 30
160 1221 316 1278 Proditorin
326 1220 413 1275 medio
423 1218 548 1275 Tantalus
557 1237 635 1275 amne
644 1220 712 1275 sitit.

124 1296 254 1353 DoNiobe
263 1295 379 1360 silicem,
399 1293 431 1348 dc
442 1294 545 1368 virgine
555 1293 667 1350 issimus
676 1312 781 1350 ursam.

162 1371 284 1428 Concinit
292 1368 437 1444 Odrysium
447 1368 569 1442 Cecropis
579 1367 633 1423 ales
645 1371 718 1444 ltyn.

126 1447 225 1519 Iupiter
234 1445 317 1501 autin
328 1462 403 1510 aves,
423 1448 470 1498 aut
478 1461 507 1498 se
516 1443 685 1499 transformat
695 1461 725 1500 1n
736 1461 830 1500 aurum

162 1530 209 1576 aut
219 1527 289 1576 secat
297 1520 419 1591 imposita
428 1519 533 1592 virgine
541 1524 635 1573 taurus
645 1536 740 1590 aquas.

73 1608 98 1650 35
125 1595 293 1668 Proteaquid
305 1594 425 1660 reieram,
441 1593 566 1649 Thebana
605 1593 743 1659 ommino,
759 1594 836 1648 dente

164 1669 212 1743 qui
221 1677 356 1726 vomerent
365 1667 485 1724 flammas
494 1685 552 1734 oro,
602 1668 655 1722 isse
663 1667 764 1725 hoves‘l

127 1743 188 1798 llere
195 1744 272 1816 genis
281 1744 374 1799 electra
383 1751 458 1810 tuas,
478 1742 592 1816 Auriga,
613 1741 736 1798 sorores?

164 1833 286 1888 quaeque
296 1825 363 1871 rates
372 1817 485 1884 luerint,
503 1835 576 1874 nunc
585 1816 667 1872 maris
679 1813 825 1873 essedeasi

127 1906 304 1962 aversumque
312 1889 383 1945 diem
393 1893 493 1948 mensis
502 1891 643 1949 furialibus
651 1891 744 1948 Atrei?

74 1973 100 2021 lo
164 1964 284 2037 duraque
292 1981 446 2037 percussam
456 1975 617 2025 sexasecuta
630 1965 738 2042 lyram?

127 2040 190 2095 Exit
199 2040 227 2095 in
237 2039 398 2095 immensum
408 2040 519 2098 fecunda
529 2042 633 2098 licentia
642 2050 745 2107 vatum,

165 2114 265 2190 obligat
276 2116 399 2171 historica
412 2134 461 2171 nec
469 2135 519 2174 sua
528 2118 609 2174 verba
618 2117 680 2172 fida.

128 2190 162 2244 Et
171 2208 228 2245 mea
238 2191 364 2248 debuerat
373 2191 439 2247 falso
449 2191 553 2247 laudata
562 2192 647 2248 videri

166 2263 275 2322 femina.
303 2267 450 2324 Credulitas
458 2285 532 2324 nuuc
539 2266 607 2323 mihi
618 2273 705 2323 vestm
716 2272 797 2322 nocet.

309 2441 549 2499 ELEGIA
594 2441 691 2497 x111.

127 2549 229 2626 'Quum
239 2560 306 2614 mihi
316 2559 451 2631 pomiferis
460 2562 559 2618 coniux
569 2560 633 2617 foret
642 2569 698 2618 orta
708 2560 823 2624 Faliscis,

167 2635 271 2690 moenia
280 2635 441 2711 contigimus
447 2636 536 2701 uicta,
552 2637 681 2700 Camillo,
694 2637 757 2690 dni.
