1770 2992
227 57 274 109 198
413 61 441 105 P.
461 58 587 106 OVIDII
604 55 770 103 NASONIS

224 165 291 217 Eece
299 177 389 216 reeens
398 159 482 225 dives,
502 166 578 231 perw
587 175 634 231 per
644 155 755 214 vulnera
764 172 820 210 eem

173 250 198 292 ιο
263 235 407 309 praefertur
418 234 504 300 nobis,
525 231 820 308 sanguinefactuseque

227 314 304 368 Hunc
313 319 386 384 potes
396 308 516 382 amplecti
527 308 663 373 formosis,
685 305 780 372 stulta,
803 305 820 360 le

263 389 345 443 huius
355 387 383 441 in
393 384 531 456 amplexu,
552 382 647 448 stulte,
666 380 751 436 iacere
760 388 820 452 pote

228 462 256 517 si
266 462 361 526 nescis,
381 458 518 531 caputhoc
527 456 629 532 galeam
640 463 745 528 portare
754 455 820 511 sole}

265 554 327 592 ense
335 534 404 590 latus
413 535 538 599 cinctum,
559 531 632 605 quod
641 531 689 587 tibi
698 531 789 596 servit,
811 547 820 585 ε

177 625 201 666 15
230 614 315 668 Laeva
326 626 437 675 manus,
458 609 502 662 cui
521 624 593 665 nunc
612 622 703 662 serum
722 604 820 660 male<

702 697 810 746 aurum,

267 765 340 813 scuta
349 756 418 813 tulit.
446 757 568 811 Dextram
581 764 667 831 tange,
688 754 820 811 eruentaf

231 833 288 900 Qua
297 833 374 905 periit
383 831 490 904 aliquis,
511 839 583 904 potes
593 831 663 887 hane
671 831 820 906 contingere

267 910 347 974 Heus,
368 907 415 963 uhi
425 906 548 964 mollities
557 908 669 979 pectoris
679 905 724 960 illa
734 907 773 960 tui
784 913 820 960 esi

231 983 463 1049 Cerneeicatriees,
483 982 578 1038 veteris
590 981 701 1055 vestigia
711 997 818 1054 pugnae

179 1071 204 1114 20
268 1056 518 1125 Quaesitumestilli
530 1073 651 1129 eorpore,
671 1055 820 1128 quidquid]

232 1134 352 1189 Forsitan
360 1139 394 1198 et,
415 1132 517 1205 quoties
526 1130 663 1186 hominem
673 1129 820 1205 iugulaveri

270 1208 379 1277 indicet;
400 1207 449 1262 hoe
461 1204 649 1280 fassastengis,
670 1223 763 1272 avere,
784 1222 820 1260 mz

234 1282 280 1338 Ille
289 1283 483 1358 egoMusarum
492 1279 578 1353 puru's
586 1281 739 1352 Phoebique
748 1296 820 1335 saeer

271 1358 305 1414 ad
314 1357 413 1432 rigidas
423 1365 500 1413 cante
510 1373 617 1411 carmen
627 1356 707 1411 inane
716 1355 795 1410 sores.

181 1446 206 1488 25
233 1434 338 1499 Discite,
349 1432 397 1506 qui
406 1432 568 1504 sapitis,n0n
581 1431 654 1496 haec,
665 1430 820 1502 quaescim1

272 1508 318 1563 sed
329 1506 444 1579 trepidas
452 1507 521 1562 acies
531 1513 556 1562 et
565 1504 618 1561 fera
627 1505 696 1561 bella
707 1505 784 1577 sequi
793 1524 799 1560 ε

235 1600 336 1655 proque
344 1583 414 1638 bono
426 1600 504 1638 versu
516 1580 634 1654 primum
644 1580 765 1636 deducite
776 1579 820 1652 pih

272 1658 326 1712 Hoc
335 1657 393 1723 tibi,
414 1657 437 1712 si
447 1657 537 1725 velles,
558 1663 655 1729 posset,
676 1657 798 1722 Homero,

235 1732 342 1802 Iupiter,
363 1731 513 1789 admonitus
523 1732 590 1788 nihil
599 1749 657 1787 esse
668 1731 820 1803 potentiusz

183 1817 207 1860 se
272 1811 408 1875 corruptae
416 1807 531 1877 pretium
539 1807 652 1881 virginis
664 1806 721 1878 ipse
730 1804 791 1860 suit.

234 1880 304 1935 Dum
314 1880 518 1948 mereesaberat,
538 1881 622 1937 durus
630 1889 712 1954 pater,
733 1880 792 1952 ipsa
801 1898 820 1935 s<

274 1954 352 2009 aerati
361 1962 459 2027 pestes,
480 1956 561 2011 ferrea
570 1957 651 2012 turris
661 1963 725 2012 erat.

236 2030 287 2086 Sed
294 2037 435 2103 postquam
447 2032 552 2104 sapiens
562 2032 590 2086 in
600 2049 710 2086 munera
719 2031 794 2087 venit
803 2049 820 2084 ax

272 2106 393 2179 praebuit
402 2108 460 2181 ipsa
469 2108 559 2171 sinus,
578 2113 617 2171 et,
638 2105 797 2172 dareiussa,
818 2131 820 2151 ι

185 2192 209 2235 35
236 2181 364 2254 Aequum
373 2199 454 2258 regne
463 2199 543 2238 senex
552 2179 616 2237 eoeli
626 2180 754 2235 Saturnus
764 2181 818 2236 hab

274 2274 353 2312 omne
362 2256 467 2314 lucrum
478 2255 591 2312 tenebris
602 2254 653 2309 elta
662 2257 797 2326 premebat
807 2256 820 2309 k

237 2330 358 2402 Aeraque
366 2338 415 2387 eta
448 2340 548 2398 entum,
569 2347 685 2402 cumque
697 2347 760 2384 auro
769 2348 820 2402 pon

275 2404 424 2461 Manibusa
471 2415 540 2461 orat:
561 2405 688 2477 nullaque
698 2422 785 2460 massa
795 2404 820 2460 fu

239 2479 272 2533 At
281 2478 388 2536 meliora
396 2481 489 2548 dabat3
510 2497 592 2535 curvo
602 2481 659 2535 sine
669 2497 774 2536 vomere
784 2478 820 2534 fre

182 2558 209 2607 ⁴0
268 2571 415 2634 pomaque,
437 2565 462 2615 et
473 2556 503 2614 in
512 2554 816 2632 quereumexxexeeexee
