1770 2992
97 167 284 215 [BROIDES.
313 166 372 212 ΕΡ.
387 165 420 211 V.
581 159 619 215 23

97 276 155 323 rat:
174 266 333 340 (qrridenim
341 263 599 339 furiosamorebari)

97 343 146 398 nnio
156 341 242 412 turpis
251 342 335 395 'amica
345 348 400 395 tuo.
422 396 424 401 ,
647 349 674 396 7⁰

97 433 148 489 que
157 416 234 469 sinus
242 423 267 469 et
276 422 379 486 pectora
387 411 490 485 planxi,

97 492 151 545 idas
159 507 250 562 ungue
260 489 360 562 rigente
371 500 467 560 genae:

97 583 152 619 ram
162 562 282 635 querulis
292 562 439 618 ululatibus
449 562 523 617 Iden.

97 641 182 694 :rimas
194 639 222 692 in
232 655 290 692 mea
298 655 362 692 saxa
370 637 430 692 tuli.

97 722 130 779 at,
142 714 296 783 desertaque
308 713 420 785 coniuge
428 711 524 784 ploret;
647 724 674 767 75

97 808 119 843 >r
130 789 206 843 nobis
217 787 316 852 intulit,
327 787 385 858 ipsa
394 786 468 841 ierat.

97 864 193 927 onium,
204 879 273 933 quae
285 870 307 915 te
316 879 363 933 per
373 870 460 932 aperta
474 869 620 933 sequantur

97 938 183 992 itimos
193 937 388 1008 destituantque
395 935 476 992 viros.

98 1031 118 1066 rr
128 1030 194 1078 eras,
206 1019 376 1082 armentaque
385 1019 474 1083 pastor
482 1012 589 1085 agebas,

98 1104 190 1153 enone,
201 1086 401 1158 pauperisuxor
409 1093 473 1141 erat.
649 1095 674 1139 80

99 1179 171 1233 opes,
184 1179 232 1215 nec
242 1179 284 1215 me
293 1168 339 1216 tua
349 1161 420 1235 regia
430 1160 523 1235 tangit,

97 1238 159 1291 iarni
173 1236 244 1291 dicar
253 1243 283 1290 ut
292 1254 346 1290 una
357 1253 456 1292 nurus:

98 1312 201 1365 'riamus
211 1312 351 1385 Nymphae
360 1328 433 1366 socer
442 1326 499 1364 esse
509 1314 619 1373 recuset,

102 1385 198 1440 fuerim
208 1384 401 1440 dissimulanda
412 1400 507 1438 nurus.

98 1469 136 1522 ‚et
144 1461 222 1531 cupio
233 1460 289 1513 fieri
299 1466 417 1512 matrona
427 1456 550 1528 potentis.
650 1468 675 1512 85

98 1553 151 1607 [uas
161 1535 263 1606 possint
273 1541 374 1604 sceptra
382 1532 481 1597 decere,
493 1549 599 1587 manus.

98 1610 192 1682 aquod
202 1618 289 1665 tecum
299 1607 391 1664 fronde
399 1607 525 1674 iacebam,

100 1702 194 1756 rpureo
204 1702 264 1738 sum
279 1683 364 1757 magis
375 1691 434 1755 apta
444 1690 509 1738 toro.

105 1778 179 1815 amor
187 1777 263 1814 meus
276 1766 315 1813 est
324 1758 386 1827 tibi;
408 1757 481 1813 nulla
491 1766 617 1831 parantur

98 1836 172 1889 trices
182 1835 287 1889 advehit
297 1833 369 1888 unda
379 1841 456 1888 rator.
649 1841 676 1885 9⁰

99 1911 124 1963 is
134 1909 244 1982 fugitiva
255 1909 397 1980 reposcitur
407 1908 497 1963 armis·

103 1984 231 2039 thalamos
240 1984 298 2039 dote
310 1984 423 2055 superba
432 1993 501 2038 tuos.

101 2059 139 2113 ais
149 2059 289 2124 reddenda,
302 2058 342 2113 vel
352 2059 460 2113 Hectura
470 2057 586 2125 fratrem,

99 2134 177 2188 >hebo
189 2132 375 2206 Polydamanta
385 2151 457 2207 roga.

99 2216 188 2272 necnon
199 2209 320 2262 Priamus
332 2208 399 2278 qnid
407 2214 510 2262 censeat
520 2207 587 2278 ipse,
651 2214 677 2258 95

99 2302 111 2337 s
121 2291 190 2337 aetas
201 2283 278 2355 longa
288 2283 413 2355 magistra
422 2281 482 2336 suit.

99 2366 173 2422 uum,
185 2358 283 2428 patriae
293 2374 452 2428 praeponere
460 2365 572 2427 raptam.

99 2432 269 2499 rndatuaest3
291 2433 360 2486 iusto
370 2433 411 2486 vir
421 2448 493 2486 arma
504 2436 600 2484 movet.

99 2508 145 2572 ias,
158 2507 238 2562 fidam
248 2507 369 2576 promitte
378 2507 532 2567 Lacaenam,

99 2581 219 2653 mplexus
229 2588 283 2634 tam
292 2581 343 2635 cito
351 2598 426 2636 versa
436 2587 505 2633 tuos.
639 2585 677 2627 1⁰⁰

99 2675 126 2712 es
137 2656 255 2713 temerati
267 2654 372 2715 foedera
378 2654 443 2713 ieci
