1770 2992
151 70 167 113 o
339 68 366 113 P.
387 66 512 113 ovum
529 65 697 113 Nasoxls

152 169 250 221 Thesea
260 166 363 231 devovi,
373 164 611 239 quintedimittere
619 165 714 235 noiiet;

189 256 237 295 noo
246 240 435 297 tenuit-aursus
443 239 550 295 forsitan
561 240 607 295 ille
616 248 684 295 tuoe.

99 330 123 370 ro
152 315 286 370 interdum
295 315 382 379 timui,
394 332 436 381 ne,
446 313 511 370 dum
520 313 587 370 rada
597 314 827 381 tendiaadHebri.

190 407 273 444 mersa
284 389 349 445 ieret
357 406 422 445 eana
432 388 557 463 naufraga
567 389 666 461 puppis
676 402 757 462 aqua.

153 467 234 535 Saepe
246 464 308 518 deos
318 463 432 536 supplex
440 481 488 536 pro
497 472 531 528 ta,
542 462 675 528 scelerate,
685 464 790 537 rogavi,

188 556 251 593 cum
260 555 335 609 praee
348 539 496 593 turicremis
505 538 658 592 devenerata
667 536 743 593 iouia.

153 615 243 684 Saepe,
257 613 349 669 videns
358 620 449 667 ventos
458 610 529 667 eaelo
538 609 684 685 pelagoque
696 610 825 677 iuventae,

100 700 125 741 20
190 688 248 759 ipsa
258 686 403 741 milridixi:
423 686 452 741 Si
462 685 531 741 vaiet
541 684 596 749 ilie,
607 686 690 741 venit.

154 760 881 833 Deniquofidusam0r‚qutdquidpropennaibuaohort

191 836 280 903 finxit3
300 844 326 889 et
334 834 368 891 ad
376 852 484 891 caussas
494 834 630 908 ingeniosa
639 833 686 889 iui.

155 910 188 965 At
197 919 226 964 tu
237 910 322 964 lentus
331 910 406 965 abes:
428 926 476 965 neo
487 916 512 963 te
523 910 607 963 iurata
616 907 748 963 reducunt

192 985 315 1051 numina;
337 992 482 1039 neonoatro
490 990 676 1039 motueamore
684 982 766 1037 redis.

101 1072 125 1114 25
153 1058 331 1128 Demophoon,
342 1058 428 1114 ventis
437 1066 463 1113 et
471 1058 550 1112 verba
562 1056 653 1112 etrele
662 1056 769 1112 dedisti.

190 1132 253 1187 Vela
262 1149 358 1203 queror
369 1132 464 1197 reditu,
475 1133 555 1186 verba
564 1148 651 1186 carere
661 1131 721 1185 fide.

154 1208 201 1261 Dic
209 1207 286 1271 mihi,
297 1206 363 1277 quid
374 1205 430 1271 ieci,
443 1207 494 1260 nisi
505 1223 557 1261 non
566 1207 695 1277 sapienter
704 1206 813 1262 amavi?

192 1282 425 1353 Criminetepotui
434 1281 596 1335 demeruisse
606 1298 673 1336 meo.

155 1359 244 1413 Unum
254 1359 283 1412 in
292 1374 335 1411 me
344 1356 430 1411 scelus
439 1363 488 1421 est,
499 1356 571 1426 quod
580 1362 615 1421 te,
626 1354 757 1420 scelerate,
769 1358 865 1428 reoepi.

102 1444 126 1484 30
191 1433 242 1486 Sed
252 1432 337 1487 scelus
347 1433 397 1487 hoo
406 1431 491 1486 meriti
500 1430 604 1501 pondus
613 1428 730 1485 etinstar
739 1430 829 1486 habet.

156 1504 760 1576 Iura,fides,ubinuno,oommissaquedeatera
768 1504 885 1561 dextrae

192 1580 292 1649 quique
300 1585 355 1631 erat
363 1578 392 1631 in
402 1576 468 1631 falso
476 1576 608 1647 plurimus
618 1596 662 1634 ore
670 1577 755 1633 deus?

155 1652 302 1723 promissus
312 1650 395 1705 socios
404 1649 450 1704 ubi
463 1667 535 1705 nunc
543 1651 711 1725 Hymenaeus
721 1653 751 1709 in
761 1669 856 1721 annua,

192 1727 238 1798 qui
250 1724 316 1778 mihi
325 1724 442 1799 ooniugii
455 1742 567 1797 sponsor
575 1735 601 1781 et
610 1728 686 1783 obses
695 1726 767 1783 erati

102 1812 127 1851 35
155 1803 292 1861 Permare,
303 1799 376 1870 quod
385 1800 825 1876 tammventisagitaturetundia3

192 1891 238 1944 per
247 1874 318 1944 quod
328 1891 405 1945 saepo
414 1877 490 1941 ieras,
502 1893 548 1947 per
557 1878 629 1948 quod
639 1878 725 1932 iturus
735 1894 808 1933 eras:

156 1966 254 2019 perque
265 1956 340 2002 tuum
350 1949 416 2003 mihi
427 1951 528 2016 iurasti,
539 1951 600 2023 (nisi
610 1952 686 2006 fietus
695 1950 774 2006 atille
783 1953 845 2026 est)

192 2023 291 2077 concita
301 2024 348 2094 qui
358 2025 443 2079 ventis
452 2043 564 2097 aequora
574 2026 679 2091 mulcet,
691 2043 786 2080 avum:

156 2114 203 2167 per
211 2097 347 2163 Venerem,
358 2100 525 2171 nimiumque
534 2100 601 2153 mihi
611 2100 731 2154 facientia
743 2100 803 2165 teia,

103 2178 127 2223 to
192 2171 272 2225 altera
282 2172 331 2227 tela
340 2191 426 2239 arcus,
438 2174 517 2228 altera
526 2173 576 2227 teia
585 2173 667 2227 faces:

156 2245 345 2317 Iunonemque,
357 2249 420 2303 toris
429 2266 498 2319 quae
507 2246 636 2318 praesidet
645 2245 714 2299 aima
724 2245 836 2311 maritis,

193 2330 218 2374 et
226 2338 273 2391 per
284 2321 419 2377 taediferae
427 2322 538 2395 mystica
548 2336 621 2373 sacra
630 2318 702 2372 deae.

157 2393 182 2447 Si
193 2395 225 2448 de
236 2403 271 2450 tot
281 2395 357 2450 laesis
367 2414 415 2450 sua
426 2396 536 2450 numina
548 2393 663 2464 quisque
672 2389 781 2444 deorum

194 2469 316 2535 vindicet,
328 2471 356 2525 in
366 2487 462 2542 poenas
472 2486 525 2524 non
534 2466 597 2521 satia
606 2483 678 2520 unus
691 2465 751 2520 eris.

104 2550 129 2595 45
156 2546 187 2599 m
201 2544 296 2601 laceras
306 2546 383 2600 etiam
394 2560 496 2617 puppes
505 2542 603 2598 furiosa
613 2540 699 2608 refeci,
