1770 2992
119 163 152 214 70
304 170 331 214 l‘.
358 168 483 215 ovlnn
504 168 670 214 NASONIS

120 273 227 341 lanaque
237 276 351 341 patrem,
379 265 652 340 famulosquepatris,
677 267 772 342 lueemt

592 343 711 399 mabam.

155 418 318 490 Expulerant
327 434 434 473 somnos
444 417 508 471 haee
517 434 574 472 mea
584 416 655 472 dieta
665 425 741 474 tuos:

119 494 202 568 Surge
211 511 268 568 age,
282 492 379 556 Belide,
393 492 426 546 de
435 498 471 546 tat
480 491 558 547 modo
567 489 696 547 iratribus
705 510 772 549 unus

156 587 209 624 nox
219 569 276 633 tibi,
291 568 319 622 ni
327 584 461 638 properas,
476 567 526 621 ista
534 567 660 637 perennis
669 568 729 623 erit.

66 656 90 696 τῇ
119 645 235 698 Territus
245 642 381 715 exsurgis:
403 641 431 696 lu
452 641 770 698 'temnisinertiasemui

156 718 277 789 Adspicis
291 718 318 770 in
330 715 421 770 timida
441 716 506 770 ortis
518 715 568 769 tela
582 733 675 771 manu.
695 724 698 729 “

120 793 260 859 Quaerenti
269 808 400 856 caussam,
414 791 483 845 Dum
495 807 548 845 nex
560 791 635 856 sinit,
649 790 745 866 effuge,
758 790 772 846 d

156 866 221 921 dum
232 884 285 922 nex
294 873 349 921 atra
359 865 432 930 sinit,
447 871 477 920 tu
487 864 567 938 iugis,
583 865 642 937 ipsa
653 883 751 922 moror.

119 943 195 996 Mane
205 949 267 1007 erat,
282 948 307 997 et
315 940 421 995 Danaus
430 957 539 1014 generas
549 956 582 994 ex
591 939 670 996 caede
682 941 772 997 iacent

67 1027 91 1069 80
155 1017 316 1070 dinumerat:
338 1014 752 1071 summaecriminisunusabes.

120 1091 180 1145 Fert
189 1089 256 1144 male
265 1098 389 1164 cognatae
398 1089 525 1144 iacturam
538 1090 630 1145 mortis
641 1090 669 1145 in
682 1108 750 1160 un03

155 1173 181 1220 et
189 1165 309 1236 queritur
318 1163 416 1219 lactum
426 1164 565 1238 sanguinis
578 1181 750 1237 esseparum.

120 1240 287 1296 Abstrahora
299 1239 391 1310 patriis
401 1238 527 1309 pedibns3
548 1246 704 1312 raptamque
713 1237 772 1312 cepi]

156 1315 229 1388 (haee
239 1313 336 1368 meruit
342 1313 427 1386 pietas
436 1313 572 1387 praemia.)
584 1331 672 1369 career
686 1314 770 1370 habet·

67 1403 91 1445 85
119 1391 259 1447 Scilicetex
269 1388 314 1444 illo
324 1388 435 1444 Iunonia
447 1395 582 1460 permanet
590 1388 638 1452 ira,

155 1465 266 1538 quobus
276 1482 309 1520 ex
320 1464 426 1520 homine
435 1472 483 1529 est,
498 1480 531 1517 ex
538 1462 606 1518 hove
615 1461 682 1517 laeta
691 1462 749 1517 dea.

119 1541 160 1596 Ah
170 1541 234 1595 satis
246 1548 286 1594 est
297 1557 396 1610 poenae
405 1546 519 1593 teneram
528 1537 647 1611 mugisse
656 1536 771 1608 puellam

158 1631 214 1679 nee,
230 1613 308 1668 modo
318 1612 469 1676 formosam,
483 1629 561 1685 posse
567 1611 745 1683 plaeerelovi.

119 1687 226 1743 Adstitit
237 1687 265 1741 in
279 1686 336 1758 ripa
347 1687 441 1759 liquidi
452 1704 520 1743 nova
529 1703 606 1742 vauca
618 1689 746 1758 parentis,

67 1775 91 1816 sn
156 1777 307 1832 cornuaque
317 1760 345 1817 in
354 1762 445 1832 patriis
455 1781 508 1818 non
518 1778 567 1817 sua
577 1759 643 1817 vidit
652 1762 745 1834 aquis:

122 1844 147 1890 et
155 1842 247 1890 conata
253 1833 326 1907 loqui
336 1836 455 1910 mugitus
467 1837 548 1891 edidit
556 1853 614 1892 ore:

157 1909 297 1981 territaque
308 1917 347 1964 est
359 1909 451 1977 forma,
465 1912 552 1966 territa
561 1928 624 1967 voce
632 1929 692 1966 sua.

120 1985 189 2052 Quid
201 1983 276 2050 luris,
290 1984 400 2042 infelix?
418 1986 483 2058 quid
492 1993 517 2040 te
526 1987 631 2041 miraris
641 1986 668 2040 in
680 1985 772 2041 umbra

157 2060 222 2131 quid
234 2078 357 2116 numeras
369 2060 448 2116 lactes
458 2061 490 2116 ad
501 2079 568 2116 nova
578 2061 697 2115 membra
707 2061 772 2132 pede

67 2147 91 2187 95
121 2135 166 2190 llla
178 2135 246 2190 lovis
256 2137 346 2210 magni
356 2136 451 2209 pellex,
466 2136 605 2190 metuenda
615 2137 708 2201 sorori,

156 2210 248 2267 lronds
258 2211 328 2267 levas
339 2213 450 2268 nimiam
458 2211 657 2283 cespitibusque
667 2209 772 2265 laniem,

121 2287 201 2341 Fonte
214 2287 294 2352 bibis,
310 2296 465 2360 spectasque
474 2294 547 2340 tuam
556 2285 700 2356 stupefacta
710 2285 772 2359 ligur

156 2370 190 2426 et,
204 2369 229 2416 te
238 2379 272 2416 ne
281 2361 384 2427 feriant,
398 2378 467 2432 quae
474 2360 554 2434 geris,
569 2377 651 2425 arma,
666 2359 756 2414 times.

121 2435 245 2508 Quaeque
256 2438 343 2501 modo,
355 2444 384 2489 ut
393 2453 483 2506 posses
495 2435 572 2489 etiam
583 2437 643 2489 Iove
652 2435 735 2508 digna
746 2435 772 2490 vi

4 2525 6 2528 ⁴
69 2520 106 2562 tut
157 2511 231 2566 dives
243 2529 314 2578 eras,
336 2510 406 2564 nuda
417 2510 487 2564 nuda
496 2511 628 2564 recumbis
638 2510 733 2565 humo.

121 2586 258 2650 Permane,
273 2603 320 2657 per
330 2592 421 2649 terras,
435 2592 596 2657 eognataque
606 2583 718 2638 flumina
727 2601 772 2639 cur

156 2661 291 2728 detmare
306 2659 371 2717 dant
380 2677 483 2727 amnes,
496 2659 542 2715 dat
552 2659 772 2712 tilsiterraaiam,
