1770 2992
140 140 189 191 302
330 143 358 187 P.
379 140 508 189 ovum
525 141 696 189 ussonia

177 243 268 298 vinea:
290 260 323 298 ne
332 258 443 298 nascens
452 249 513 297 usta
522 241 629 309 situva,
643 242 720 298 time.

140 317 186 373 llle
195 317 275 371 habet
283 318 312 372 iu
322 317 408 372 reditu
417 333 526 372 navem:
548 333 621 371 mam
631 334 738 390 semper
746 317 860 391 iniquum*

87 405 126 447 570
178 392 281 466 cogitet,
302 400 328 446 et
336 392 434 447 damno
443 391 529 446 littora
539 409 617 447 saeve
627 408 691 448 suo
848 414 860 455 ·.

143 466 227 522 Filius
236 466 309 521 bunc
319 465 405 530 miles,
426 465 564 521 bunefilia
576 466 680 522 nubilis
690 475 777 543 angat.

179 542 213 596 Et
221 542 283 613 quis
293 558 345 596 non
356 558 450 596 oausas
459 540 533 594 mille
542 539 642 597 doloris
651 541 750 597 habet?

142 617 177 671 Ut
185 616 271 687 possis
281 616 368 671 odisse
377 624 465 679 tuam,
486 616 560 679 Pari,
581 614 677 671 funera
687 616 794 672 fratrum

180 692 307 745 debueras
317 690 406 747 animo
415 707 492 761 saepe
502 689 597 745 referre
607 699 663 746 tuo.
860 708 865 715 ·

90 778 129 820 505
144 765 222 820 Plura
234 762 390 836 loquebatur
399 764 502 837 placide
510 764 622 835 puerilis
632 765 737 840 imago:

180 838 300 893 destituit
309 856 435 908 somnus;
455 840 479 894 si
489 839 567 894 modo
577 856 691 895 somnus
700 846 764 895 erat.
867 842 870 847 '

144 911 216 980 Quid
224 911 337 967 faciam?
355 914 442 970 media
452 931 547 968 navem
556 912 704 969 Palinurus
712 915 741 970 in
750 914 815 970 unda

181 987 291 1043 deserit:
312 989 415 1061 ignotas
425 1006 504 1062 cogor
512 988 579 1042 inire
588 988 657 1042 vias.
879 1021 880 1024 =

144 1062 275 1134 Quisquis
285 1080 372 1129 amas,
393 1062 448 1119 loca
459 1062 514 1118 sola
525 1070 632 1118 nooeut:
654 1061 712 1118 looa
721 1062 776 1120 sola
785 1066 862 1117 00000.
875 1073 885 1092 ‘³

91 1149 129 1191 580
181 1136 239 1204 Quo
249 1136 338 1212 iugis?
355 1138 382 1193 in
392 1137 490 1210 populo
499 1137 579 1192 tutior
587 1154 646 1192 esse
653 1144 740 1210 potes.
882 1167 883 1174 1

144 1214 203 1267 Non
214 1213 260 1267 tibi
271 1213 377 1267 seeretis
392 1214 499 1286 (augent
507 1219 605 1266 secreta
615 1211 741 1286 furores‚)

182 1295 222 1342 est
230 1304 312 1359 opus:
333 1287 433 1343 auxilio
442 1286 519 1342 turba
529 1285 619 1342 futura
629 1286 679 1342 tibi
688 1295 739 1342 est.

145 1363 239 1416 Tristis
249 1363 311 1427 eris,
331 1361 513 1417 sisoluseris:
534 1361 714 1435 dominaeque
721 1361 819 1418 reliotao

183 1445 242 1492 ante
250 1436 341 1493 oeulos
350 1436 429 1491 facies
438 1436 527 1500 stabit,
548 1445 579 1492 ut
588 1437 657 1508 ipsa,
678 1445 750 1493 tuos.

92 1522 130 1566 505
145 1512 255 1567 Tristior
265 1512 361 1568 idcireo
370 1529 424 1568 nox
434 1519 482 1579 est,
503 1528 585 1583 quam
595 1518 715 1583 tempora
724 1510 829 1567 Phoebi:
882 1521 884 1546 ³

182 1604 250 1659 quae
261 1586 357 1642 relevet
367 1586 464 1653 luctus,
486 1587 563 1641 turba
573 1585 671 1642 sodalis
683 1587 767 1642 abest.

145 1661 199 1715 Nee
208 1660 271 1734 luge
282 1661 460 1735 colloquium:
482 1679 530 1716 nee
540 1660 575 1714 sit
583 1660 632 1715 tibi
644 1661 728 1717 ianua
736 1660 832 1717 clausa:

183 1753 231 1789 nec
241 1735 355 1791 tenebris
364 1736 456 1792 vultus
466 1735 562 1791 flebilis
571 1735 639 1790 abde
648 1743 719 1791 tuos.
829 1802 830 1807 Ἰ

145 1808 254 1880 Semper
263 1810 331 1864 habe
340 1812 456 1884 Pyladen
468 1810 594 1884 aliquem,
612 1810 660 1882 qui
671 1817 747 1865 curet
756 1808 858 1865 omon-

92 1893 130 1936 500
182 1884 229 1937 llic
238 1899 345 1954 qnoque
354 1887 484 1941 amicitiae
494 1903 547 1941 uon
557 1884 624 1941 levis
633 1902 702 1940 usus
713 1885 771 1940 erit.

145 1956 217 2025 Quid
227 1958 278 2012 nisi
288 1967 400 2013 secretae
410 1959 542 2016 laeserunt
550 1959 673 2034 Phyllida
683 1958 785 2015 silvae?

184 2033 260 2090 Certa
269 2034 340 2087 neeis
350 2051 444 2089 caussa
453 2043 506 2090 est:
527 2035 678 2090 incomitata
688 2033 750 2090 luit.

146 2111 217 2176 Ibat,
237 2117 268 2165 ut
276 2109 368 2166 Edono
377 2108 492 2165 referens
502 2110 629 2164 trieterica
638 2109 742 2165 Baccho

184 2187 222 2241 ire
230 2185 295 2242 solet
304 2185 371 2241 lusis
381 2186 492 2241 barbara
500 2184 579 2239 turba
587 2185 685 2239 comis:

93 2268 132 2312 505
146 2268 172 2314 et
180 2260 267 2325 modo,
279 2279 332 2332 qua
342 2268 451 2334 poterat,
463 2259 545 2314 latum
556 2259 691 2330 spectabat
699 2257 729 2314 in
739 2272 844 2330 aequor:

184 2352 256 2388 nuno
266 2335 294 2389 in
304 2355 413 2393 arenosa
424 2335 492 2391 lassa
501 2333 602 2388 iacebat
610 2332 705 2389 humo.

146 2407 248 2461 Perfida
255 2409 439 2480 Demophoon,
460 2408 555 2464 surdas
565 2408 697 2464 clamabat
707 2406 845 2463 aduodes:

184 2489 315 2552 ruptaque
324 2485 445 2556 singultu
454 2484 533 2539 verba
545 2483 677 2555 loquentis
686 2492 771 2538 erant,

147 2552 237 2606 Limes
249 2563 304 2609 erat
313 2559 400 2611 tenuis
411 2558 488 2631 longa
499 2557 663 2613 subnubilus
672 2557 785 2614 umbra:

95 2636 133 2678 000
186 2643 240 2699 quo
249 2627 309 2684 tulit
317 2627 364 2684 illa
373 2648 437 2688 suos
447 2633 481 2686 ad
489 2649 563 2685 maia
571 2649 649 2700 saeue
658 2632 750 2702 pedes.

186 2884 271 2900 Λ
