1770 2992
143 185 308 235 Alenus
324 185 396 230 LIB.
416 185 449 231 11.
469 185 572 230 131..st
681 179 724 232 i7i

104 303 156 361 ago
164 286 310 358 adspiciam
319 291 409 342 notam
418 283 451 339 ds
460 283 544 339 littore
555 287 678 359 puppim,

99 379 164 428 am,
183 362 293 417 Nostros
302 359 409 416 advehit
417 359 468 414 ista
476 358 553 414 deos:

99 435 316 510 mquahumaris‚
331 432 732 506 etmultasinaordinacarpum
760 441 785 488 is

99 511 129 567 ia.
158 509 305 567 Proreditu
313 509 490 565 victimavata
499 507 580 564 cadet.

99 585 137 642 nri
148 583 262 642 formam
271 583 364 640 molles
376 590 526 638 sternentur
535 599 642 639 arenae:

99 659 311 716 nansntumuius
320 657 433 731 quilibet
441 675 499 713 assa
506 665 601 730 potest.

99 735 178 806 positu
187 734 308 790 narrabis
317 732 402 788 multa
411 734 507 807 Lyaeo,

100 807 595 881 esiiutmadiisobrutanavisaquis:
761 817 786 859 an

100 901 115 940 a
132 883 167 940 ad
184 901 227 940 ma
245 899 384 957 properas,
404 899 453 938 nac
471 883 580 956 iniquae
596 888 713 954 tempora

524 956 619 1024 noctis,

100 1032 279 1107 spraauipioes
288 1030 443 1087 extimuisse
451 1031 541 1087 Notos.

102 1106 356 1181 promtissimam,
377 1106 432 1161 sint
440 1106 499 1160 ficta
507 1105 605 1161 licebit.

100 1201 144 1258 ugo
154 1201 207 1240 non
218 1182 287 1239 votis
296 1181 417 1237 blandiar
426 1180 484 1253 ipse
493 1179 578 1236 maisi

102 1258 140 1313 ihi
152 1256 353 1332 quamprimum
363 1255 434 1312 eaelo
443 1255 622 1311 nitidissimus
632 1253 684 1311 aito
763 1264 787 1306 55

100 1331 137 1391 iar
146 1333 264 1390 admissa
273 1338 390 1404 tempora
401 1339 486 1405 portet
495 1348 572 1403 equo.

185 1509 545 1568 ELEGIA'XII·

100 1629 224 1704 imphales
233 1631 335 1687 circum
344 1647 403 1685 mea
414 1637 531 1700 tempora
541 1626 618 1683 lauri.

100 1724 168 1762 nus:
188 1707 217 1762 in
231 1713 321 1763 nostro
329 1713 369 1761 est
380 1722 438 1760 eone
447 1704 561 1760 Corinna
574 1703 646 1769 sinu,

100 1781 145 1849 rir,
165 1799 247 1856 quam
259 1789 363 1849 custos,
383 1797 465 1854 quam
474 1779 555 1835 ianua
567 1779 657 1846 firma,
678 1785 716 1835 tat

526 1855 624 1920 hastas,

100 1930 187 1996 ibant,
207 1947 241 1986 na
250 1947 305 2004 qua
316 1938 405 2003 posset
416 1931 450 1986 ab
462 1939 517 1986 ants
528 1931 596 2002 oapi.

100 2013 114 2061 a
123 2005 264 2078 praecipuo
273 2006 382 2061 victoria
391 2006 471 2080 digna
482 2004 627 2077 triumpho,
778 2013 789 2054 5

100 2098 136 2146 la,
156 2097 333 2154 quascunque
344 2088 393 2147 est,
406 2081 538 2154 sanguine
549 2078 645 2151 praeda
655 2084 733 2130 caret.

100 2153 182 2210 milas
191 2155 277 2221 muri,
297 2173 351 2211 non
361 2156 451 2227 parvis
462 2152 558 2225 oppida
571 2151 649 2207 iossis

101 2226 143 2296 εἰ
153 2229 201 2284 sad
209 2237 250 2286 ast
257 2230 339 2285 ductu
348 2237 422 2300 capta
432 2227 520 2299 pueila
528 2243 598 2280 mao.

101 2322 124 2360 ia
133 2322 220 2377 quum
228 2303 350 2360 auderent
360 2301 429 2358 ballo
441 2307 563 2372 superata
575 2297 697 2368 bilustri3

101 2387 127 2444 t,
148 2380 177 2434 in
186 2378 277 2434 Atrida
286 2396 349 2452 pars
359 2384 439 2450 quota
450 2375 537 2432 laudis
546 2373 619 2430 erat?
659 2374 668 2389 ⁸
766 2385 791 2425 ιο

108 2455 221 2526 seposita
231 2461 271 2509 est
282 2461 308 2508 at
320 2453 354 2508 ab
363 2453 437 2508 omni
446 2450 529 2507 milita
538 2451 637 2506 dissors

103 2546 132 2583 a:
153 2545 203 2584 nec
211 2527 320 2583 titulum
330 2528 449 2583 muneris
459 2526 523 2582 altar
532 2525 618 2580 habet.

102 2601 304 2658 eadhancvuti
314 2603 408 2668 finem,
429 2619 472 2656 me
481 2600 565 2655 milita
574 2598 649 2654 veni:

101 2695 194 2747 eques,
215 2680 273 2747 ipsa
280 2677 376 2749 pedes,
402 2674 515 2754 signifer
523 2676 584 2750 ipss
592 2671 646 2728 ini.
