1770 2992
116 137 281 186 nuonuu
299 138 371 183 unt.
384 139 406 184 1.
420 140 476 185 nu.
491 143 532 188 14.
647 139 692 193 tot

105 254 242 295 nreuooas
251 235 286 292 ad
295 255 344 293 sua
353 254 436 310 pensu
445 257 566 297 manum.

105 319 221 386 peteret:
241 311 315 368 seds
367 330 411 368 ere
419 330 499 370 mane
524 315 608 374 uellus
725 332 751 376 2⁵

105 387 142 444 isi
154 386 198 445 eui
207 405 262 444 non
271 395 311 443 est
320 387 348 443 ul
360 387 487 460 apueiia,
505 333 524 444 i)

105 463 175 531 ties,
196 461 548 532 nenoxtibioedereveHet,

105 544 170 595 trent
177 535 272 596 uultus
281 537 369 594 sidera
380 545 451 595 mota
460 547 520 596 tuos
529 539 535 595 Ι

105 614 176 681 ties,
196 619 244 669 aut
252 620 348 669 ventus
358 611 490 689 frangeret
498 632 585 682 axem,

517 390 589 446 erati

105 696 148 745 net
159 688 248 761 spissa
258 688 330 744 nube
339 695 456 744 retentus
464 690 567 821 ffiffll
723 705 749 749 oo

105 761 289 836 uoproperas‘i
315 762 392 831 Quod
402 771 457 820 erat
504 764 673 823 itiliusater:

109 838 197 894 iuerat
204 836 318 911 pectoris
327 837 373 894 ille
381 838 463 896 ooior.
687 889 690 897 ,

105 931 157 970 non
168 911 278 985 Cephali
288 912 424 987 quondam
432 913 569 990 flagrasset
579 916 684 974 amore?

105 988 580 1068 tignotamnequitiamessesuamt]

106 1061 475 1120 tiemdeteuarrarelioeret:
722 1079 747 1122 at

106 1156 141 1195 on
150 1137 222 1195 ooelo
233 1138 334 1212 turpior
342 1138 397 1195 ulla
406 1137 481 1196 ieret.

116 1212 231 1301 refugis,
252 1213 332 1289 longo
340 1214 404 1288 quia
412 1214 538 1290 grandior
549 1233 622 1282 aevo,

106 1288 329 1345 iinvisesasene
338 1307 417 1346 mane
426 1296 506 1346 rotas.

106 1410 108 1418 a
118 1362 265 1436 Cephalum
275 1365 401 1420 manibus
411 1363 548 1436 oompiexa
560 1372 672 1430 teneres,

106 1457 130 1505 s,
151 1439 233 1495 Lente
241 1439 339 1495 currite
347 1438 520 1511 Noctisequi.
721 1449 747 1496 to

106 1520 282 1581 ectaramans,
303 1513 327 1569 si
336 1514 379 1571 vir
387 1513 436 1570 tihi
445 1513 694 1571 marcetabanuis‘i

110 1588 227 1661 nupsisti
238 1588 394 1645 conciliante
405 1587 474 1644 seni.

106 1681 168 1737 {uos
178 1681 286 1720 somnos
297 1664 387 1720 iuveni
398 1663 502 1720 donarit
512 1673 599 1720 amato

106 1756 149 1795 oea
158 1736 233 1795 iliius
242 1737 326 1796 forma
337 1739 454 1796 secunda
463 1746 534 1795 tuae.

108 1814 226 1888 genitor,
248 1832 281 1869 ue
292 1822 317 1869 te
327 1821 381 1870 tam
391 1832 468 1888 saepe
477 1815 587 1883 videret,
722 1826 746 1871 to

106 1896 120 1943 .t
130 1895 218 1944 noctes
228 1887 256 1944 in
266 1907 316 1945 sua
326 1897 387 1946 vota
396 1890 473 1947 duas.

106 1981 181 2019 tram.
210 1963 296 2019 Scires
305 1965 426 2036 audisse;
446 1966 568 2022 rubebat.

106 2055 139 2095 en
149 2047 189 2094 est
197 2037 274 2096 solito
283 2039 381 2097 tardior
390 2049 445 2098 orta
454 2041 521 2096 dies.

145 2213 387 2273 ELEGIA
432 2214 524 2270 XlV.

118 2333 219 2390 Desiste
228 2342 288 2391 tuos
298 2333 427 2390 medicare
436 2331 561 2406 capillos:

107 2428 180 2483 {uem
189 2410 292 2482 possis,
313 2410 367 2465 iam
376 2410 425 2465 tibi
435 2408 509 2466 nulia
518 2428 593 2467 coma
602 2420 651 2467 est.
685 2458 688 2463 .

108 2504 136 2540 sa
146 2483 230 2550 iores,
250 2484 317 2559 quid
329 2494 383 2541 erat
392 2486 538 2559 speciosius
549 2485 622 2541 illis?

107 2560 267 2625 antimum,
288 2569 531 2634 quapatetusque‚
553 2560 632 2614 latus.

107 2634 210 2690 derant
219 2643 327 2704 tenues,
348 2643 374 2693 et
382 2654 452 2712 quos
460 2634 681 2699 ommonem„
734 2649 745 2688 e
